1461 2255
461 139 672 178 QUINTUS
700 139 916 171 CURTIUs.
1246 140 1287 170 55

99 237 301 274 refovebat
334 241 452 281 artus,
485 249 534 274 ex
568 235 662 273 sella
695 249 763 273 sua
797 235 955 273 exsiluit
989 239 1290 284 torpentemque

100 300 266 338 militem
300 306 338 339 et
372 300 440 338 vix
473 305 695 350 compotem
728 301 871 337 mentis
905 299 1075 349 demptis
1104 298 1221 336 armis
1250 298 1289 334 in
1327 315 1343 347 5

99 377 168 402 sua
196 365 287 403 sede
315 364 428 402 iussit
457 364 667 402 considere.
726 364 797 402 Ille
827 363 894 401 diu
919 376 999 410 nec,
1030 362 1097 400 ubi
1126 362 1293 412 requies-

100 435 214 476 ceret,
243 443 324 475 nec,
350 443 372 467 a
398 442 475 479 quo
505 434 608 466 esset
634 434 830 478 exceptus,
857 427 1060 478 adgnovit.
1116 426 1293 464 Tandem

100 500 255 543 recepto
297 493 422 531 calore
461 493 584 538 vitali,
630 498 673 530 ut
718 492 864 542 regiani
909 491 1040 529 sedem
1085 504 1293 542 regemque

102 557 212 603 vidit,
253 558 414 595 territus
461 557 596 607 surgit.
674 556 797 604 Quem
849 557 1006 593 intuens
1055 555 1291 600 Alexander,

103 622 277 672 ‘Ecquid
322 621 528 672 intellegis,
569 621 702 668 miles}
740 621 881 670 inquit,
925 624 1096 670 ‘quanto
1134 619 1348 658 meliorem

102 691 205 724 sorte
244 700 361 736 quam
403 686 544 724 Persae
582 686 654 723 sub
696 699 785 735 rege
824 685 998 722 vivatis?
1068 684 1152 721 Illis
1190 684 1294 721 enim

101 750 142 788 in
187 750 282 788 sella
325 751 426 801 regis
470 750 689 788 consedisse
728 749 870 800 capital
913 750 1025 795 foret,
1066 749 1141 786 tibi
1179 748 1294 786 saluti

102 815 202 852 fuit)

174 913 260 952 [The
283 923 372 943 same
395 918 486 952 story
512 912 545 943 ins
569 913 619 942 the
646 913 752 942 word-5
775 913 816 952 os
846 913 995 943 Valet-iu.»-
1017 913 1223 951 sslaximzm]

156 988 394 1034 Alexander,
434 988 604 1038 quodam
651 988 735 1026 loco
783 993 1016 1038 tempestate
1064 988 1183 1026 nivali
1233 1001 1297 1037 op-

105 1066 269 1103 pressus,
304 1053 412 1090 senio
450 1053 527 1090 iam
565 1052 785 1090 confectum
824 1052 991 1090 militem
1023 1052 1292 1096 Macedonem,
1314 1067 1349 1100 15

104 1118 224 1155 nimio
266 1118 409 1167 frigore
449 1117 765 1166 obstupefactum
804 1117 886 1166 ipse
933 1117 1091 1155 sublimi
1133 1122 1172 1154 et
1213 1130 1298 1167 pro-

105 1183 251 1234 pinqua
289 1182 369 1232 igni
408 1182 499 1220 sede
544 1181 693 1229 sedens,
735 1182 1026 1220 animadvertit.
1098 1182 1296 1231 Factaque

104 1261 182 1286 non
228 1248 407 1285 fortunae
455 1246 523 1285 sed
570 1247 711 1284 aetatis
759 1247 964 1297 utriusque
1011 1247 1294 1294 aestimatione,

104 1312 307 1351 descendit
344 1317 383 1349 et
426 1311 503 1349 illis
540 1312 721 1349 manibus
769 1312 910 1362 quibus
949 1325 1040 1362 opes
1079 1312 1189 1349 Darii
1235 1311 1297 1349 ad-

105 1377 268 1424 flixerat,
305 1389 443 1426 corpus
480 1376 622 1427 frigore
661 1376 902 1426 duplicatum
937 1377 976 1414 in
1016 1390 1124 1414 suam
1164 1376 1295 1414 sedem
1311 1390 1352 1411 20

106 1448 315 1498 imposuit:
347 1447 388 1485 id.
419 1447 454 1485 ei
485 1447 654 1484 salutare
683 1447 858 1484 futurum
888 1447 1021 1485 dicens
1055 1447 1160 1497 quod
1191 1447 1296 1497 apud

106 1515 243 1551 Persas
281 1511 421 1562 capital
463 1512 670 1558 extitisset,
710 1512 850 1549 solium
888 1513 1038 1563 regium
1077 1525 1292 1562 occupasse.

106 1577 210 1626 Quid
241 1591 332 1628 ergo
357 1577 500 1614 mirum
531 1582 590 1614 est
616 1576 647 1614 si
679 1577 749 1614 sub
777 1590 821 1615 eo
849 1577 945 1615 duce
972 1583 1032 1615 tot
1059 1578 1171 1615 annis
1198 1577 1296 1614 mili-

106 1648 188 1680 tare
217 1641 431 1679 iucundum
461 1640 667 1686 ducebant,
699 1642 759 1679 cui
787 1642 954 1693 gregarii
985 1642 1121 1679 militis
1151 1642 1296 1679 incolu-

106 1706 222 1744 mitas
242 1706 400 1756 proprio
420 1705 574 1756 fastigio
595 1706 718 1743 carior
738 1711 819 1743 erat
837 1708 849 1744 2
1310 1716 1349 1750 25
