1461 2255
183 161 225 191 4⁴2
555 159 840 191 SELECTIONS
873 158 1002 191 FROM

184 260 229 294 ut
258 256 434 306 plerique
464 255 674 302 credidere,
704 256 833 302 Belus,
864 256 974 294 cuius
1003 255 1109 307 regia
1137 255 1371 294 ostenditur.

133 332 149 365 5
184 321 323 358 Murus
343 321 558 358 instructus
579 320 766 358 laterculo
787 320 926 367 coctili,
949 320 1141 358 bitumine
1161 319 1372 366 interlitus,

184 385 355 436 spatium
390 395 484 423 XXX
517 390 557 423 et
585 385 753 423 duorum
781 385 926 434 pedum
954 385 995 423 in
1022 384 1274 423 latitudinem
1300 397 1376 422 am-

184 450 390 500 plectitur:
416 449 629 500 quadrigae
649 450 754 488 inter
773 463 812 488 se
834 454 1080 488 occurrentes
1099 449 1183 487 sine
1204 448 1375 500 periculo

186 528 402 553 commeare
449 514 645 552 dicuntur.
715 514 900 553 Altitudo
938 514 1041 552 muri
1083 525 1108 552 L
1154 514 1374 552 cubitorum

186 577 333 615 eminet
370 576 520 626 spatio:
568 581 696 614 turres
735 576 845 614 denis
884 576 1050 627 pedibus
1087 589 1204 626 quam
1241 588 1377 613 murus

137 656 174 677 10
187 639 345 677 altiores
374 643 474 676 sunt.
535 638 674 676 Totius
704 639 831 688 operis
861 639 1030 676 ambitus
1060 647 1222 676 CCCLXV
1251 636 1378 675 stadia

187 702 470 753 conplectitur:
511 702 755 752 singulorum
789 703 1007 741 stadiorum
1037 708 1275 741 structuram
1304 702 1379 740 sin-

186 767 287 819 gulis
317 767 453 805 diebus
483 767 696 816 perfectam
726 780 808 806 esse
837 767 1047 806 memoriae
1072 766 1276 817 proditum
1305 770 1374 805 est.

187 831 379 870 Aedificia
406 844 486 869 non
516 836 610 869 sunt
639 831 799 870 admota
826 832 960 879 muris,
992 831 1059 870 sed
1093 832 1173 870 fere
1207 831 1378 882 spatium

187 897 311 946 iugeri
347 896 467 934 unius
501 896 656 935 absunt.
714 896 774 934 Ac
806 910 855 935 ne
890 901 1014 935 totam
1048 897 1209 947 quidem
1242 896 1379 935 urbem

138 974 172 1007 15
187 962 301 1000 tectis
327 966 662 1011 occupaverunt—
673 974 742 1011 per
769 971 890 999 LXXX
918 961 1046 999 stadia
1073 961 1381 1000 habitabatur—

188 1040 258 1065 nec
279 1026 410 1064 omnia
430 1025 617 1064 continua
636 1031 740 1073 sunt,
763 1025 888 1073 credo,
912 1026 1004 1076 quia
1023 1026 1150 1064 tutius
1169 1026 1297 1064 visum
1321 1030 1381 1065 est

188 1091 369 1141 pluribus
388 1090 482 1128 locis
503 1090 643 1140 spargi.
703 1090 843 1129 Cetera
863 1096 999 1128 serunt
1025 1091 1247 1141 coluntque,
1269 1095 1326 1136 ut,
1348 1089 1380 1128 si

190 1161 353 1194 externa
372 1155 431 1193 vis
452 1155 620 1205 ingruat,
644 1155 811 1193 obsessis
838 1155 1024 1194 alimenta
1050 1170 1099 1194 ex
1124 1155 1247 1206 ipsius
1272 1155 1381 1194 urbis

189 1220 272 1259 solo
292 1220 648 1258 subministrentur.

592 1391 657 1418 47.
689 1387 757 1417 The
782 1387 983 1427 Euphrates.

245 1479 467 1530 Euphrates
494 1479 687 1517 interfluit
713 1494 953 1530 magnaeque
979 1480 1092 1518 molis
1119 1481 1385 1531 crepidinibus

193 1550 403 1583 coercetur.
462 1544 541 1582 Sed
574 1544 749 1581 omnium
784 1558 946 1594 operum
975 1545 1289 1595 magnitudinem
1319 1547 1387 1584 cir-

193 1610 448 1648 cumveniunt
469 1622 656 1647 cavernae
676 1610 866 1660 ingentes,
890 1610 930 1646 in
958 1609 1211 1648 altitudinem
1230 1623 1386 1661 pressae

194 1673 243 1712 ad
262 1673 532 1724 accipiendum
553 1673 745 1723 impetum
761 1674 943 1721 fluminis,
963 1674 1079 1724 quod,
1096 1675 1164 1712 ubi
1185 1675 1387 1726 adpositae

163 1738 405 1788 Screpidinis
439 1737 639 1787 fastigium
672 1738 848 1785 excessit,
886 1739 992 1776 urbis
1026 1744 1130 1777 tecta
1162 1741 1384 1790 corriperet,

194 1803 270 1840 nisi
300 1808 429 1840 essent
458 1815 594 1852 specus
623 1802 817 1852 lacusque,
849 1803 917 1852 qui
947 1804 1182 1854 exciperent.
1247 1804 1388 1843 Coctili

194 1867 381 1905 laterculo
426 1867 565 1905 structi
612 1872 728 1905 sunt:
782 1872 912 1905 totum
954 1881 1052 1918 opus
1093 1869 1287 1907 bitumine
1325 1869 1389 1908 ad-

194 1933 412 1983 stringitur.
476 1932 580 1970 Pons
618 1931 796 1982 lapideus
835 1932 988 1970 flumini
1027 1933 1222 1983 inpositus
1260 1934 1390 1985 iungit

193 1998 340 2036 urbem.
400 1996 476 2035 Hic
510 2009 666 2047 quoque
700 1996 804 2035 inter
837 1996 1032 2035 mirabilia
1065 1997 1239 2036 Orientis
1273 2012 1390 2049 opera

1451 258 1453 265 ,
1447 239 1449 241 .
1428 2 1453 226 .;-„1>42.=⁴=an

1443 384 1455 423 ³3
