1461 2255
152 151 171 181 6
530 150 814 183 SELECTIONS
838 151 968 182 FROM

153 245 281 284 clusus
301 246 461 296 spiritus
477 252 560 284 arte
576 247 741 285 meabat.
800 246 883 285 Nec
903 247 1113 298 Philippus
1130 247 1339 298 quicquam

152 311 404 361 inexpertum
424 311 578 350 omisit:
607 311 672 349 ille
698 311 874 350 fomenta
894 311 1046 362 corpori
1065 311 1252 359 admovit,
1273 311 1340 350 ille

121 391 138 425 5
153 380 376 425 torpentem
422 389 526 414 nunc
572 376 661 423 cibi,
700 389 804 414 nunc
846 375 928 413 vini
976 375 1095 414 odore
1141 376 1337 414 excitavit.

152 440 285 490 Atque
305 445 351 478 ut
370 440 541 491 primum
561 440 704 479 mentis
725 446 946 491 compotem
967 453 1049 478 esse
1070 440 1202 488 sensit,
1223 439 1340 479 modo

152 504 289 543 matris
318 518 586 555 sororumque,
608 504 725 543 modo
754 509 890 543 tantae
919 504 1106 543 victoriae
1135 504 1341 556 adpropin-

153 569 311 619 quantis
349 569 557 608 admonere
595 583 674 608 non
712 569 878 608 destitit.
954 568 1014 607 Ut
1050 582 1143 607 vero
1177 568 1342 607 medica-

152 638 331 672 mentum
360 647 400 672 se
429 633 588 671 diffudit
616 634 656 671 in
687 647 806 672 venas
830 639 870 672 et
894 633 1039 672 sensim
1067 638 1152 672 toto
1181 646 1341 684 corpore

103 716 141 738 10
154 698 362 736 salubritas
395 698 542 747 percipi
581 698 721 747 potuit,
765 698 936 748 primum
975 698 1129 736 animus
1167 697 1340 748 vigorem

152 775 278 809 suum,
311 761 453 800 deinde
485 775 625 812 corpus
659 775 813 812 quoque
845 762 1117 812 expectatione
1150 762 1342 800 maturius

153 827 424 878 recuperavit:
454 827 599 876 quippe
628 832 718 877 post
744 826 906 864 tertium
935 826 1049 873 diem,
1072 838 1189 877 quam
1205 826 1250 882 in
1269 826 1342 865 hoc

153 896 261 929 statu
305 891 443 937 fuerat,
484 891 526 928 in
564 895 816 941 conspectum
853 890 1024 929 militum
1063 891 1183 930 venit.
1258 890 1341 929 Nec

153 955 307 994 avidius
345 956 475 1005 ipsum
513 968 644 1006 regem
683 969 800 1005 quam
839 955 1068 1006 Philippum
1113 955 1342 993 intuebatur

102 1036 138 1070 15
153 1020 364 1058 exercitus:
384 1033 454 1069 pro
475 1033 515 1057 se
535 1020 701 1069 quisque
722 1019 903 1057 dextram
919 1019 1001 1057 eius
1020 1019 1192 1070 amplexi
1210 1025 1341 1070 grates

151 1084 351 1122 habebant
377 1083 487 1121 velut
513 1083 711 1134 praesenti
742 1083 826 1122 deo.
885 1083 1066 1134 Namque
1094 1083 1200 1122 haud
1228 1083 1341 1122 facile

152 1148 261 1187 dictu
282 1153 350 1196 est,
376 1152 531 1198 praeter
557 1148 774 1198 ingenitam
797 1147 854 1186 illi
874 1148 984 1199 genti
1007 1161 1098 1198 erga
1123 1161 1232 1199 reges
1252 1161 1341 1186 suos

153 1213 456 1260 venerationem,
478 1217 670 1262 quantum
698 1212 815 1250 huius
839 1213 974 1263 utique
1003 1212 1103 1264 regis
1134 1212 1194 1251 vel
1222 1212 1342 1250 admi-

152 1278 297 1316 rationi
325 1276 450 1315 dediti
479 1277 626 1314 fuerint
655 1277 717 1315 vel
746 1277 908 1315 caritate
937 1277 1197 1327 flagraverint.
1255 1276 1340 1315 Iam

99 1360 139 1382 20
151 1342 322 1392 primum
342 1340 441 1379 nihil
462 1341 544 1379 sine
565 1340 701 1379 divina
722 1354 794 1391 ope
815 1341 977 1392 adgredi
997 1341 1228 1380 videbatur:
1249 1354 1340 1379 nam

152 1420 240 1444 cum
260 1411 416 1457 praesto
432 1410 534 1444 esset
550 1405 696 1455 ubique
712 1405 881 1453 fortuna,
900 1405 1100 1444 temeritas
1115 1406 1157 1443 in
1176 1405 1340 1456 gloriam

151 1476 328 1510 cesserat.
387 1470 509 1508 Aetas
530 1483 695 1519 quoque,
715 1469 784 1507 vix
804 1470 926 1508 tantis
949 1474 1104 1508 matura
1123 1470 1250 1519 rebus,
1272 1469 1341 1508 sed

151 1535 307 1574 abunde
341 1534 544 1581 sufficiens,
578 1535 709 1572 omnia
747 1535 828 1572 eius
868 1547 984 1584 opera
1021 1534 1255 1573 honestabat
1288 1540 1337 1581 et,

151 1613 250 1650 quae
268 1599 415 1637 leviora
430 1598 566 1636 haberi
581 1598 720 1645 solent,
738 1598 969 1649 plerumque
989 1598 1150 1637 militari
1169 1598 1341 1649 gratiora

98 1680 137 1714 25
150 1664 269 1715 vulgo
309 1668 410 1711 sunt,
453 1663 682 1702 exercitatio
717 1663 890 1713 corporis
923 1663 1028 1702 inter
1060 1664 1175 1713 ipsos,
1211 1662 1340 1702 cultus

150 1729 386 1779 habitusque
432 1727 593 1778 paulum
631 1740 653 1764 a
690 1727 846 1777 privato
894 1727 1119 1774 abhorrens,
1158 1727 1339 1765 militaris

150 1794 284 1844 vigor:
317 1792 403 1843 quis
423 1792 489 1830 ille
510 1792 571 1830 vel
595 1791 744 1842 ingenii
768 1791 928 1830 dotibus
949 1792 1011 1830 vel
1031 1792 1153 1830 animi
1174 1792 1336 1840 artibus

150 1863 194 1896 ut
214 1857 362 1908 pariter
381 1869 492 1894 carus
512 1869 555 1894 ac
574 1855 818 1894 venerandus
839 1861 952 1903 esset,
975 1857 1165 1894 effecerat.
