1461 2255
156 178 195 208 10
528 176 812 209 SELECTIONS
838 177 968 209 FROM

154 277 278 310 totam
316 273 452 311 Asiam
489 278 746 321 concusserat,
782 287 862 311 non
896 274 1141 313 exaudiebat.
1200 275 1340 314 Subito

153 337 305 385 deinde,
327 337 375 375 de
395 337 538 388 quibus
559 342 650 375 ante
679 337 828 375 dictum
857 342 926 385 est,
949 351 1036 376 cum
1065 338 1192 389 regiae
1220 340 1341 378 vestis

121 412 137 445 5
151 401 369 452 insignibus
388 402 548 440 hortum
568 402 730 448 intrant,
752 415 869 452 quem
890 402 990 440 forte
1019 403 1171 442 steriles
1199 403 1340 443 herbas

152 466 299 517 eligens
318 466 619 516 Abdalonymus
639 467 886 517 repurgabat.
944 466 1046 504 Tum
1067 480 1156 518 rege
1177 481 1222 507 eo
1242 468 1340 507 salu-

152 535 236 569 tato
280 531 379 569 alter
423 544 471 569 ex
512 531 583 578 his,
636 530 852 578 ‘Habitus‚'
894 530 1034 581 inquit,
1078 531 1160 570 ‘hic
1207 532 1337 581 vestis,

152 609 268 646 quem
306 596 430 634 cernis
468 596 509 633 in
547 595 643 634 meis
681 595 873 642 manibus,
914 609 1003 633 cum
1041 595 1117 634 isto
1162 597 1340 647 squalore

151 659 434 710 permutandus
454 660 525 698 tibi
547 665 616 698 est.
674 659 804 698 Ablue
825 673 963 710 corpus
982 660 1130 699 inluvie
1150 661 1340 712 tetrisque

102 736 139 758 10
152 724 333 763 sordibus
363 724 610 774 squalidum:
649 738 742 774 cape
771 725 873 775 regis
902 725 1075 762 animum
1110 730 1150 764 et
1182 726 1222 764 in
1255 739 1339 765 eam

151 790 362 834 fortunam,
384 802 462 839 qua
489 788 632 839 dignus
662 802 712 836 es,
744 789 859 827 istam
889 789 1172 829 continentiam
1201 791 1337 841 perfer.

150 854 202 891 Et
230 867 318 891 cum
346 854 387 891 in
416 854 537 904 regali
566 853 663 892 solio
692 853 893 901 residebis,
918 853 1022 892 vitae
1052 855 1234 905 necisque
1262 869 1339 893 om—

150 919 260 957 nium
281 919 425 957 civium
445 918 640 965 dominus,
658 932 750 957 cave
771 919 1013 958 obliviscaris
1032 919 1183 968 habitus,
1200 920 1240 958 in
1261 934 1339 970 quo

150 984 292 1034 accipis
311 997 486 1034 reguum,
509 984 640 1030 immo,
661 983 829 1031 hercule,
851 989 1012 1034 propter
1035 984 1176 1034 quem.’
1232 984 1339 1023 Som-

100 1049 216 1089 Ι511ἰο
254 1048 393 1086 similis
431 1062 492 1086 res
530 1048 809 1098 Abdalonymo
846 1048 1078 1087 videbatur:
1123 1049 1335 1097 interdum,

150 1113 296 1152 satisne
315 1113 400 1151 sani
420 1117 560 1161 essent,
584 1113 651 1162 qui
676 1117 756 1150 tam
785 1118 967 1163 proterve
996 1113 1070 1151 sibi
1098 1113 1336 1162 inluderent,

149 1177 463 1228 percontabatur.

408 1303 465 1329 11.
496 1298 562 1329 His
585 1297 750 1328 interview
772 1297 850 1328 with
874 1296 1082 1330 Aleaeamler.

202 1375 279 1413 Sed
317 1379 362 1412 ut
399 1374 600 1412 cunctanti
639 1373 798 1423 squalor
835 1373 991 1412 ablutus
1030 1379 1089 1412 est
1121 1380 1160 1412 et
1192 1375 1336 1413 iniecta

148 1440 269 1478 vestis
290 1452 464 1489 purpura
483 1452 656 1488 auroque
678 1438 866 1476 distincta
885 1443 925 1477 et
949 1438 1044 1477 fides
1069 1452 1091 1476 a
1113 1439 1334 1478 iurantibus

146 1505 257 1551 facta,
290 1504 389 1542 serio
419 1504 496 1541 iam
525 1516 595 1541 rex
630 1503 768 1541 iisdem
803 1503 1080 1541 comitantibus
1113 1503 1154 1541 in
1187 1504 1334 1554 regiam

146 1569 335 1619 pervenit.
398 1567 520 1605 Fama
549 1567 701 1613 deinde,
724 1572 768 1605 ut
798 1567 905 1614 solet,
939 1573 1096 1606 strenue
1125 1572 1210 1606 tota
1238 1569 1334 1607 urbe

114 1649 130 1682 5
145 1633 340 1672 discurrit.
399 1632 580 1670 Aliorum
608 1631 794 1678 studium,
818 1631 982 1670 aliorum
1002 1632 1223 1683 indignatio
1243 1633 1335 1671 emi-

144 1698 286 1736 nebat:
316 1697 574 1735 divitissimus
595 1696 760 1746 quisque
789 1695 1056 1734 humilitatem
1084 1696 1334 1747 inopiamque

146 1764 228 1801 eius
258 1762 361 1813 apud
391 1761 535 1799 amicos
563 1760 783 1798 Alexandri
813 1761 1102 1799 criminabatur.
1161 1761 1333 1800 Admitti

143 1841 232 1866 eum
266 1840 335 1865 rex
368 1826 550 1876 protinus
584 1825 698 1863 iussit
727 1824 874 1874 diuque
903 1825 1202 1875 contemplatus,
1227 1825 1333 1864 ‘Cor-

141 1892 269 1943 poris‚'
298 1891 439 1941 inquit,
468 1890 642 1928 ‘habitus
671 1889 797 1927 famae
825 1889 976 1940 generis
1006 1903 1085 1928 non
1114 1895 1331 1940 repugnat:

92 1973 129 1995 10
142 1956 210 1995 sed
229 1956 327 1994 libet
347 1955 455 2003 scire,
478 1954 651 2005 inopiam
672 1967 749 2004 qua
774 1953 968 2004 patientia
997 1953 1132 1992 tuleris
1146 1953 1175 1992 2’
1231 1954 1332 1993 Tum

141 2021 216 2067 ille,
260 2020 467 2067 ‘Utinam‚⁷
504 2019 644 2070 inquit,
688 2018 846 2057 ‘eodem
884 2018 1013 2057 animo
1048 2032 1213 2070 regnum
1246 2019 1329 2070 pati
