1461 2255
481 161 692 200 QUINTUS
717 162 937 195 CURTIUS.
1268 165 1307 196 13

116 258 227 297 brevi
258 258 496 310 Carthagine
528 258 675 297 auxilia
700 264 877 297 ventura.
936 259 1116 309 Namque
1143 273 1187 298 ea
1213 265 1308 298 tem—

116 327 267 373 pestate
313 336 455 374 magna
502 336 551 361 ex
596 327 708 373 parte
747 323 906 361 Punicis
952 323 1138 361 classibus
1185 325 1308 362 maria
1321 333 1359 366 25

118 387 410 427 obsidebantur.

411 468 472 494 14.
510 462 546 494 W
547 462 622 494 hich
638 463 681 494 do
698 463 749 494 the
764 463 846 503 θοῶς
853 463 1007 503 favour?

170 517 298 568 Igitur
322 517 425 556 bello
451 517 607 555 decreto
628 530 697 566 per
716 530 848 554 muros
872 522 1079 567 turresque
1109 521 1307 556 tormenta

117 581 343 632 disponunt,
364 595 472 620 arma
490 581 710 619 iunioribus
731 581 927 627 dividunt,
949 582 1115 631 opificeS‚
1139 595 1307 632 quorum

117 647 228 697 copia
247 647 340 684 urbs
360 646 598 693 abundabat,
617 646 658 683 in
675 646 844 684 officinas
861 645 1115 684 distribuunt.
1166 646 1308 685 Omnia

117 710 208 749 belli
247 715 437 761 apparatu
475 715 681 761 strepunt:
719 711 866 749 ferreae
913 724 1068 761 quoque
1116 725 1308 749 manus—

116 775 360 826 harpagonas
387 780 681 825 vocant—quas
702 775 885 825 operibus
908 775 1081 814 hostium
1102 776 1304 823 inicerent,
1344 794 1360 827 5

116 840 299 891 corvique
320 844 359 879 et
379 840 455 878 alia
481 839 640 878 tuendis
667 840 830 878 urbibus
858 840 1080 890 excogitata
1106 853 1308 891 praepara-

116 905 272 943 bantur.
330 904 408 942 Sed
442 917 530 942 cum
564 904 788 942 fornacibus
827 904 986 951 ferrum,
1022 905 1128 955 quod
1167 905 1307 944 excudi

117 969 334 1019 oportebat,
357 969 572 1019 inpositum
595 974 708 1015 esset,
730 969 977 1019 admotisque
998 969 1157 1007 follibus
1176 970 1308 1020 ignem

117 1034 213 1072 flatu
245 1033 513 1081 accenderent,
551 1033 753 1084 sanguinis
792 1033 868 1071 rivi
906 1034 979 1072 sub
1016 1034 1112 1084 ipsis
1141 1035 1308 1072 flammis

117 1098 295 1137 extitisse
315 1098 524 1136 dicuntur:
554 1097 673 1148 idque
694 1111 808 1136 omen
829 1098 869 1136 in
890 1098 1155 1137 Macedonum
1176 1099 1307 1137 interi·
1326 1117 1363 1139 10

116 1168 201 1201 tum
222 1167 426 1201 verterunt
452 1162 573 1212 Tyrii.
631 1162 754 1213 Apud
778 1163 1015 1201 Macedonas
1041 1177 1196 1214 quoque
1221 1177 1308 1202 cum

115 1228 215 1266 forte
253 1240 395 1278 panem
432 1226 594 1277 quidam
633 1227 804 1265 militum
834 1227 1072 1279 frangerent,
1111 1229 1308 1267 manantis

116 1292 316 1343 sanguinis
349 1296 482 1342 guttas
519 1296 771 1339 notaverunt,
808 1292 1024 1342 territoque
1069 1306 1158 1343 rege
1204 1294 1309 1331 Aris-

116 1357 267 1403 tander,
315 1356 575 1407 peritissimus
622 1361 770 1404 vatum,
819 1357 851 1395 si
899 1357 1141 1395 extrinsecus
1197 1372 1309 1397 cruor

116 1421 306 1467 fluxisset,
333 1420 617 1459 Macedonibus
648 1420 689 1459 id
713 1421 827 1460 triste
853 1421 1033 1459 futurum
1054 1422 1132 1461 ait:
1159 1428 1304 1470 contra,
1327 1437 1361 1470 15

116 1499 204 1524 cum
224 1499 273 1523 ex
292 1485 478 1524 interiore
494 1490 605 1535 parte
625 1485 855 1533 manaverit,
873 1486 972 1532 urbi,
991 1499 1109 1536 quam
1129 1486 1307 1525 obsidere

116 1550 390 1597 destinassent,
414 1549 579 1588 exitium
604 1550 847 1600 portendere.
908 1550 1136 1589 Alexander
1161 1565 1249 1589 cum
1269 1557 1308 1589 et

116 1614 278 1653 classem
310 1614 444 1665 procul
470 1614 634 1652 haberet
654 1619 693 1652 et
713 1614 869 1665 longam
902 1615 1146 1654 obsidionem
1166 1629 1307 1666 magno

116 1680 190 1718 sibi
211 1679 260 1718 ad
281 1684 410 1717 cetera
436 1679 708 1729 inpedimento
729 1679 882 1718 videret
903 1680 996 1726 fore,
1019 1680 1303 1727 caduceatores,

115 1744 183 1794 qui
221 1743 270 1781 ad
303 1756 438 1793 pacem
472 1756 535 1781 eos
570 1743 846 1793 conpellerent,
888 1744 1020 1781 misit:
1060 1758 1157 1794 quos
1196 1745 1305 1795 Tyrii
1322 1758 1362 1780 20

115 1813 251 1847 contra
269 1808 329 1846 ius
349 1808 529 1858 gentium
556 1808 700 1846 occisos
729 1808 1089 1858 praecipitaverunt
1109 1809 1149 1846 in
1169 1809 1303 1847 altum.

55 1912 59 1916 ,
114 1872 247 1922 Atque
284 1871 350 1910 ille
389 1885 548 1910 suorum
585 1876 666 1909 tam
708 1872 872 1923 indigna
918 1878 1043 1911 morte
1090 1878 1306 1911 commotus

114 1937 251 1974 urbem
272 1935 451 1974 obsidere
468 1936 617 1973 statuit.
678 1935 756 1973 Sed
772 1941 863 1973 ante
879 1935 1056 1974 iacienda
1071 1937 1192 1974 moles
1208 1942 1302 1984 erat,

115 2013 215 2050 quae
235 1999 455 2039 continenti
477 2000 613 2038 urbem
635 2000 910 2037 committeret.
