1461 2255
448 172 661 212 QUINTUS
686 172 901 205 CURTIUS.
1227 172 1270 205 33

369 275 433 302 3¹7.
460 270 658 301 Alexander
673 270 753 301 lases
769 274 829 301 two
837 269 985 309 friends.

137 340 295 391 Regem,
313 354 401 379 cum
417 340 587 378 secundo
602 340 709 378 amni
721 340 919 387 deflueret,
938 340 1098 390 adsequi
1112 339 1269 390 cupiens

84 404 242 452 Hector,
278 405 548 443 Parmenionis
582 404 696 451 filius,
732 405 876 442 eximio
915 405 1055 443 aetatis
1088 405 1192 452 flore,
1228 404 1270 442 in

81 470 215 519 paucis
235 469 463 508 Alexandro
483 483 603 516 carus,
626 482 791 519 parvum
820 469 1021 520 navigium
1042 469 1269 507 conscendit

80 533 269 583 pluribus,
289 547 407 584 quam
423 547 558 584 capere
574 540 715 584 posset,
737 533 929 584 inpositis.
988 533 1127 584 Itaque
1143 546 1269 571 mersa

80 598 190 636 navis
207 611 340 636 omnes
357 598 549 636 destituit.
608 598 766 644 Hector,
782 598 849 636 diu
864 599 1017 636 flumini
1032 598 1264 645 obluctatus,

80 675 166 700 cum
198 662 359 701 madens
390 663 510 700 vestis
531 667 570 700 et
590 662 768 700 adstricti
795 663 961 712 crepidis
987 663 1106 713 pedes
1132 667 1267 700 natare

78 726 343 776 prohiberent,
365 727 405 765 in
426 727 550 777 ripam
575 732 707 765 tamen
738 727 976 766 semianimis
1004 727 1130 765 evasit
1150 732 1199 774 et,
1222 731 1267 764 ut

78 790 248 840 primum
281 791 468 842 fatigatus
502 791 687 841 spiritum
721 791 881 837 laxavit,
917 805 1034 841 quem
1067 796 1196 830 metus
1227 796 1266 829 et

76 856 293 905 periculum
335 855 571 903 intenderat,
611 855 719 893 nullo
766 855 1179 906 adiuvante—quippe
1224 855 1265 893 in

77 920 275 959 diversum
323 925 528 959 evaserant
575 920 943 958 alii—exanimatus
990 926 1060 958 est.
1118 920 1264 958 Amissi

77 984 158 1022 eius
188 984 383 1023 desiderio
411 984 664 1023 vehementer
690 984 871 1022 adflictus
897 990 957 1023 est
985 990 1263 1035 repertumque

76 1062 214 1099 corpus
233 1049 440 1099 magnifico
461 1049 604 1087 extulit
623 1049 768 1087 funere.

129 1113 320 1152 Oneravit
349 1113 453 1151 hunc
484 1113 660 1151 dolorem
689 1113 853 1151 nuntius
880 1114 1018 1152 mortis
1045 1114 1263 1152 Androma-

75 1177 146 1225 chi,
179 1191 296 1228 quem
326 1178 565 1228 praefecerat
596 1177 756 1228 Syriae:
782 1178 918 1215 vivum
943 1178 1159 1216 Samaritae
1186 1192 1262 1217 cre-

75 1248 287 1281 maverant.
345 1243 411 1281 Ad
437 1243 544 1281 cuius
568 1243 774 1281 interitum
798 1243 1092 1289 vindicandum,
1115 1249 1261 1293 quanta

73 1309 242 1346 maxime
281 1307 479 1346 celeritate
517 1307 658 1357 potuit,
699 1308 914 1355 contendit,
954 1308 1260 1358 advenientique

73 1378 166 1411 sunt
203 1372 340 1411 traditi
377 1372 480 1410 tanti
518 1372 672 1410 sceleris
719 1377 906 1411 auctores.
983 1372 1260 1411 Andromacho

73 1437 214 1476 deinde
246 1437 420 1475 Menona
452 1437 660 1475 substituit
692 1437 933 1487 adfectisque
962 1437 1163 1487 supplicio,
1195 1438 1261 1488 qui

70 1507 291 1552 praetorem
327 1501 621 1548 interemerant,
661 1506 850 1551 tyrannos
888 1501 1142 1552 popularibus
1182 1502 1259 1540 suis

71 1566 258 1605 tradidit:
279 1579 376 1616 quos
395 1565 453 1603 illi
473 1566 522 1603 ob
541 1565 703 1603 iniurias
724 1571 849 1604 tortos
869 1570 1120 1604 necaverunt.

300 1686 364 1712 38.
393 1680 591 1712 Aleaeamler
608 1680 771 1711 calz-aneas
789 1685 819 1711 to
837 1680 886 1711 the
907 1680 1028 1720 Tigsrz's.

71 1751 283 1791 [Alexander
298 1762 368 1782 was
383 1762 460 1782 now
472 1751 651 1792 marching
667 1751 804 1792 against
818 1750 954 1789 Darius,
969 1750 1046 1781 who
1062 1750 1131 1781 had
1148 1750 1259 1782 raised

113 1806 259 1837 another
275 1816 371 1846 army
387 1805 478 1836 after
493 1805 547 1836 his
564 1804 682 1836 defeat
698 1808 736 1835 at
752 1804 875 1843 Issus.]

125 1875 352 1914 Alexandro
383 1876 450 1925 qui
478 1888 684 1913 numerum
712 1875 912 1924 copiarum
939 1874 1035 1920 eius,
1065 1880 1259 1925 quantum

70 1940 205 1990 procul
238 1939 448 1978 coniectari
481 1944 647 1989 poterat,
684 1939 947 1976 aestimabant
980 1940 1048 1976 vix
1080 1940 1258 1977 fecerunt

71 2004 187 2043 fidem
207 2009 269 2042 tot
287 2004 448 2042 milibus
467 2003 588 2041 caesis
608 2003 773 2041 maiores
793 2003 923 2053 copias
944 2016 1026 2042 esse
1046 2008 1252 2053 reparatas.

659 2081 678 2104 c

1303 610 1320 644 5

1282 933 1320 955 10

1279 1256 1315 1290 15

1274 1579 1315 1601 20
