1461 2255
452 177 664 217 QUINTUS
691 177 910 210 CURTIUS.
1236 177 1278 209 49

64 262 250 324 ⁸tempus,
286 274 406 312 etiam
445 274 675 312 memoriam
712 274 880 312 invisam
920 286 1013 319 esse,
1048 273 1274 323 proclamat.

85 339 210 377 Attali
232 352 388 390 quoque
409 339 567 377 caedem
589 339 783 377 obiciebat
803 343 842 377 ct
863 338 913 377 ad
942 338 1127 377 ultimum
1158 338 1273 386 Iovis,

83 417 198 454 quem
246 409 399 454 patrem
446 404 520 441 sibi
561 403 788 441 Alexander
826 404 1033 444 adsereret.
1076 403 1330 454 oraculum15

83 468 257 516 eludens,
280 469 433 506 veriora
452 481 492 506 se
512 470 593 519 regi
615 482 732 518 quam
753 473 903 518 patrem
926 469 1009 506 eius
1028 467 1276 518 respondisse

83 533 248 571 dicebat.
308 533 390 571 Iam
420 538 577 571 tantum
607 533 686 571 irae
716 539 947 583 conceperat
976 546 1055 580 rex,
1083 539 1276 582 quantum

83 597 150 635 vix
188 598 341 636 sobrius
380 598 480 653 ferre
519 598 722 648 potuisset.
787 598 999 635 Enimvero
1038 597 1130 635 olim
1168 610 1276 636 mero

83 662 262 700 sensibus
292 663 407 700 victis
437 675 485 700 ex
514 662 615 700 lecto
645 667 807 713 repente
837 662 1027 712 prosiluit.
1098 662 1275 700 Attoniti

83 726 195 765 amici
234 740 282 764 ne
320 727 460 777 positis
497 727 667 777 quidem,
699 727 765 764 sed
806 727 965 765 abiectis
1003 726 1151 777 poculis
1190 740 1276 764 con·
1290 744 1331 767 20

83 796 251 841 surgunt
272 792 310 829 in
341 796 526 830 eventum
556 792 623 837 rei,
646 805 763 842 quani
794 797 906 829 tanto
936 792 1088 842 impetu
1118 796 1275 830 acturus

83 862 185 895 esset
218 856 373 894 intenti.

425 1021 488 1047 54.
521 1016 588 1047 'l‘lce
612 1026 702 1047 same
728 1016 942 1055 (conmmml).

136 1110 364 1149 Alexander
383 1116 495 1162 rapta
515 1112 649 1150 lancea
665 1125 713 1150 ex
729 1112 910 1149 manibus
925 1112 1107 1162 armigeri
1124 1112 1274 1150 Clitum

83 1176 211 1215 adhuc
249 1177 385 1215 eadem
424 1177 580 1228 linguae
620 1177 926 1227 intemperantia
958 1178 1154 1215 furentem
1188 1191 1274 1227 per-

83 1246 213 1280 cutere
252 1246 414 1280 conatus
448 1255 470 1279 a
504 1242 729 1280 Ptolemaeo
763 1248 801 1280 et
841 1241 1026 1280 Perdicca
1059 1242 1271 1281 inhibetur.

83 1306 261 1344 Medium
296 1306 477 1356 conplexi
511 1312 550 1344 et
581 1306 773 1344 obluctari
806 1311 1124 1356 perseverantem
1153 1320 1274 1345 mora-

83 1372 249 1410 bantur:
299 1371 555 1422 Lysimachus
594 1376 633 1409 et
670 1371 896 1409 Leonnatus
939 1371 1054 1409 etiam
1100 1371 1274 1410 lanceam
1312 1385 1328 1418 5

82 1436 334 1474 abstulerant.
386 1435 457 1473 Ille
472 1435 643 1473 militum
661 1436 776 1473 fidem
793 1436 993 1486 inplorans
1010 1437 1274 1487 conprehendi

83 1513 122 1538 se
141 1513 164 1538 a
184 1499 373 1550 proximis
394 1501 617 1546 amicorum,
641 1500 746 1550 quod
768 1500 896 1538 Dareo
917 1514 1042 1551 nuper
1057 1501 1273 1548 accidisset,

83 1564 276 1603 exclamat
296 1565 530 1616 signumque
560 1565 656 1603 tuba
686 1565 782 1611 dari,
805 1571 849 1603 ut
880 1565 928 1603 ad
959 1566 1104 1616 regiam
1135 1567 1273 1605 armati

83 1629 243 1676 coirent,
273 1629 392 1667 iubet.
453 1629 553 1667 Tum
589 1643 680 1667 vero
716 1630 964 1668 Ptolemaeus
998 1636 1038 1668 ct
1071 1631 1275 1669 Perdiccas

82 1694 248 1745 genibus
269 1693 446 1732 advoluti
468 1699 591 1741 orant,
616 1707 664 1732 nc
691 1694 729 1731 in
760 1699 842 1732 tam
872 1695 1078 1744 praecipiti
1108 1696 1166 1734 ira
1194 1709 1277 1746 per·
1294 1708 1331 1730 10

84 1763 235 1796 severet
260 1758 508 1808 spatiumque
533 1758 663 1808 potius
684 1758 815 1796 animo
835 1758 925 1796 det:
960 1760 1092 1798 omnia
1120 1766 1276 1810 postero

85 1822 149 1860 die
186 1822 328 1860 iustius
366 1827 632 1860 executurum.
706 1822 782 1861 Sed
821 1823 973 1861 clausae
1013 1830 1125 1863 erant
1163 1839 1276 1864 aures

85 1887 336 1937 obstrepente
374 1887 441 1925 ira.
505 1887 645 1938 Itaque
684 1887 880 1938 impotens
918 1889 1039 1927 animi
1082 1891 1278 1940 procurrit

85 1952 125 1989 in
146 1952 275 2002 regiae
297 1951 537 1990 vestibulum
559 1958 599 1990 et
623 1952 733 2003 vigili
764 1953 976 1991 excubanti
1006 1953 1120 1993 hasta
1148 1955 1280 1994 ablata

83 2015 265 2054 constitit
302 2016 344 2054 in
382 2015 503 2063 aditu,
534 2029 612 2066 quo
651 2029 807 2055 necesse
846 2023 931 2056 erat
968 2018 1025 2065 iis,
1057 2020 1125 2069 qui
1163 2020 1278 2058 simul

669 2095 693 2116 D
