1461 2255
175 173 216 203 44
545 173 830 205 SELECTIONS
863 173 991 205 FltOM

174 267 294 306 silvae
337 269 537 307 montibus
584 269 663 307 suis
707 269 897 307 inminere
934 270 1153 308 videantur.
1226 269 1364 320 Syriae

173 345 303 383 regem
334 333 546 383 Babylone'
568 339 797 383 regnantem
831 334 902 372 hoc
936 347 1033 384 opus
1067 347 1148 373 esse
1181 335 1364 372 molitum

173 397 381 435 memoriae
409 398 609 447 proditum
637 403 705 445 est,
729 412 859 436 amore
887 399 1061 449 coniugis
1082 399 1240 446 victum,
1263 412 1363 449 quae

118 479 159 500 20
172 461 364 500 desiderio
385 475 588 500 nemorum
608 462 873 512 silvarumque
900 464 939 500 in
961 463 1243 513 campestribus
1269 463 1363 501 locis

172 526 300 563 virum
338 527 513 576 conpulit
549 527 827 565 amoenitatem
865 534 1028 566 naturae
1065 541 1206 578 genere
1244 527 1362 566 huius

171 589 297 640 operis
321 590 476 628 imitari.

170 748 234 775 49.
271 744 466 775 Alexander
487 743 598 775 „ml-es
624 755 647 775 α
669 744 807 776 mistakc
834 745 904 776 aml
931 747 1136 786 courteous-ly
1163 746 1356 787 apolossizes.

222 837 280 875 Ac
306 838 405 875 forte
432 837 705 876 Macedonicas
726 843 853 876 vestes
880 838 1123 889 multamque
1147 853 1359 890 purpuram

169 901 272 939 dono
302 915 350 939 ex
379 901 612 939 Macedonia
645 902 718 940 sibi
748 903 906 940 missam
936 917 1024 941 cum
1050 903 1122 951 his,
1148 916 1247 954 quae
1274 917 1360 941 con-

167 966 351 1012 fecerant,
373 966 477 1004 tradi
502 966 711 1018 Sisigambi
732 967 1002 1006 iubet—omni
1023 981 1192 1018 namque
1212 968 1360 1006 honore

167 1044 252 1069 eam
276 1036 316 1069 et
341 1031 410 1068 filii
435 1044 590 1082 quoque
611 1032 758 1082 pietate
778 1032 1360 1083 prosequebatur—admoneri-

135 1109 242 1146 5que
274 1095 399 1141 iussit,
428 1101 482 1144 ut,
508 1096 540 1133 si
572 1096 677 1133 cordi
706 1110 862 1146 quoque
890 1098 1010 1135 vestis
1037 1102 1150 1144 esset,
1171 1098 1358 1136 conficere

167 1174 252 1198 eam
272 1165 409 1210 neptes
429 1174 517 1198 suas
538 1160 828 1199 adsuefaceret:
849 1161 952 1200 dono
973 1175 1022 1210 se,
1041 1175 1139 1212 quae
1160 1162 1357 1209 docerent,

165 1225 268 1263 dare.
336 1225 402 1262 Ad
435 1225 535 1263 hanc
567 1239 702 1264 vocem
740 1225 921 1264 lacrimae
955 1226 1115 1265 obortae
1148 1226 1357 1277 prodidere

165 1290 340 1328 animum
378 1291 622 1340 aspernantis
663 1290 704 1328 id
743 1303 911 1329 munus:
951 1291 1095 1341 quippe
1132 1304 1211 1329 non
1250 1290 1356 1329 aliud

163 1355 286 1405 magis
319 1354 361 1391 in
395 1355 672 1393 contumeliam
706 1354 914 1393 Persarum
948 1356 1115 1393 feminae
1149 1355 1354 1406 accipiunt,

112 1439 151 1462 10
164 1433 280 1470 quam
311 1419 519 1457 admovere
552 1419 663 1457 lanae
694 1432 843 1458 manus.
906 1420 1117 1468 Nuntiant,
1154 1420 1222 1470 qui
1253 1420 1357 1458 dona

162 1484 346 1531 tulerant,
382 1484 535 1521 tristem
574 1497 656 1521 esse
695 1483 956 1534 Sisigambim,
992 1485 1187 1535 dignaque
1221 1498 1281 1523 res
1315 1489 1355 1524 et

162 1549 411 1587 excusatione
446 1554 485 1586 et
515 1548 656 1586 solacio
690 1549 782 1586 visa.
848 1548 936 1599 Ipse
969 1562 1059 1600 ergo
1094 1551 1275 1599 pervenit
1305 1550 1354 1589 ad

161 1626 246 1651 eam
275 1618 325 1659 et,
361 1611 535 1655 ‘Mater,'
564 1612 704 1662 inquit,
741 1613 864 1650 ‘hanc
893 1618 1053 1660 vestem,
1086 1627 1163 1664 qua
1191 1614 1355 1653 indutus

161 1691 256 1724 sum,
297 1690 474 1715 sororum
512 1690 590 1714 non
629 1676 777 1714 donum
815 1676 951 1724 solum,
993 1677 1060 1716 sed
1099 1678 1218 1716 etiam
1257 1692 1354 1729 opus

109 1759 145 1792 15
162 1742 291 1780 vides:
321 1741 447 1779 nostri
474 1741 660 1791 decepere
687 1754 749 1778 me
775 1754 911 1779 mores.
972 1741 1088 1789 Cave,
1115 1743 1287 1790 obsecro,
1311 1743 1352 1781 in

159 1806 436 1845 contumeliam
474 1806 667 1856 acceperis
711 1805 996 1856 ignorationem
1037 1820 1173 1845 meam.
1243 1807 1352 1855 Quae

158 1871 216 1909 tui
236 1871 353 1909 moris
374 1883 455 1908 esse
476 1870 649 1920 cognovi,
673 1874 718 1907 ut
741 1883 864 1920 spem,
887 1870 1042 1908 abunde
1069 1875 1224 1909 servata
1244 1877 1349 1910 sunt.

158 1936 245 1974 Scio
279 1935 382 1985 apud
416 1948 485 1973 vos
524 1934 604 1972 filio
636 1934 677 1972 in
713 1939 922 1984 conspectu
955 1935 1093 1972 matris
1126 1936 1234 1973 nefas
1267 1949 1350 1974 esse

156 2000 368 2047 considere,
408 1999 484 2038 nisi
520 2012 609 2038 cum
650 1999 717 2037 illa
754 1999 958 2050 permisit:
997 2000 1350 2051 quotienscumque
