1461 2255
164 166 206 197 50
535 168 818 200 SELECTIONS
852 169 979 201 FROM

163 267 409 309 cenaverant,
433 263 576 314 egredi.
634 264 828 302 Abierant
848 265 976 303 ceteri.
1037 266 1163 304 Clitus
1188 265 1351 304 ultimus

162 326 244 364 sine
265 326 412 364 lumine
434 328 578 366 exibat.
637 328 761 376 Quem
790 342 870 375 rex,
893 330 1073 380 quisnam
1102 336 1214 377 esset,
1236 331 1353 369 inter-

161 395 283 440 rogat.
334 392 543 430 Eminebat
563 393 681 430 etiam
701 393 742 431 in
763 406 857 432 voce
874 394 1038 441 sceleris,
1055 394 1157 444 quod
1175 395 1351 445 parabat,

162 456 356 494 atrocitas.
415 457 466 494 Et
485 457 560 504 ille,
576 458 653 494 iam
674 471 753 495 non
774 471 876 505 suae,
893 458 959 496 sed
980 459 1081 508 regis
1097 459 1175 497 irae
1191 472 1353 507 memor,

109 532 149 554 20
163 518 312 557 Clitum
342 533 424 558 esse
458 526 497 558 et
531 521 579 559 de
614 522 794 559 convivio
829 522 936 560 exire
970 523 1183 573 respondit.
1242 523 1351 562 Haec

162 583 328 621 dicentis
352 584 455 623 latus
485 586 598 624 hasta
627 586 826 624 transfixit
854 587 1135 637 morientisque
1164 588 1352 638 sanguine

161 647 379 698 adspersus,
415 650 457 686 ‘I
490 653 617 695 nunc,'
646 651 787 700 inquit,
821 651 892 689 ‘ad
925 640 1155 702 Philippum
1189 657 1229 691 et
1261 652 1352 690 Par-

161 712 382 751 menionem
404 718 443 751 et
464 713 668 752 Attalum.’

504 878 563 904 55.
592 874 817 920 Alexander&
836 876 1017 914 penitens-e.

213 965 318 1004 Male
364 966 547 1004 humanis
593 967 761 1017 ingeniis
808 972 949 1005 natura
995 966 1203 1015 consuluit,
1245 969 1350 1017 quod

160 1030 390 1080 plerumque
423 1044 502 1068 non
540 1031 683 1078 futura,
716 1031 783 1069 sed
822 1036 1019 1069 transacta
1056 1031 1347 1081 perpendimus.

161 1094 313 1144 Quippe
346 1108 426 1140 rex,
463 1100 669 1145 postquam
703 1095 761 1133 ira
794 1100 925 1133 mente
963 1095 1192 1143 decesserat,
1229 1097 1350 1135 etiam

160 1159 350 1197 ebrietate
371 1159 544 1197 discussa
570 1160 884 1209 magnitudinem
914 1161 1097 1198 facinoris
1127 1174 1211 1199 sera
1239 1162 1351 1200 aesti-

128 1236 144 1269 5
159 1224 331 1261 matione
351 1223 562 1273 perspexit.
620 1223 804 1267 Videbat,
827 1229 919 1261 tunc
939 1224 1148 1262 immodica
1167 1224 1350 1263 libertate

159 1289 336 1334 abusum,
371 1287 439 1325 sed
474 1288 620 1338 alioqui
655 1288 853 1338 egregium
888 1288 991 1326 bello
1025 1289 1154 1326 virum
1189 1293 1240 1335 et,
1274 1289 1349 1327 nisi

158 1353 403 1391 erubesceret
431 1352 557 1396 fateri,
589 1357 827 1390 servatorem
856 1353 915 1390 sui
948 1352 1129 1390 occisum.
1192 1352 1349 1392 Detest-

158 1418 258 1456 abile
279 1417 468 1455 carnificis
488 1417 750 1455 ministerium
770 1421 1027 1466 occupaverat
1043 1430 1123 1462 rex,
1138 1418 1347 1456 verborum

157 1483 367 1528 licentiam,
390 1495 490 1531 quae
517 1481 609 1519 vino
638 1486 794 1531 poterat
823 1481 1006 1531 inputari,
1034 1482 1204 1520 nefanda
1232 1483 1348 1522 caede

108 1558 144 1580 10
158 1547 274 1585 ultus.
333 1546 523 1584 Manabat
543 1550 627 1584 toto
652 1545 847 1584 vestibulo
868 1559 982 1583 cruor
1004 1546 1121 1596 paulo
1145 1551 1235 1585 ante
1262 1561 1348 1586 con-

156 1612 293 1650 vivae:
327 1611 465 1661 vigiles
500 1610 663 1648 attoniti
692 1617 732 1648 et
760 1610 1010 1660 stupentibus
1039 1610 1184 1649 similes
1213 1613 1346 1661 procul

157 1676 314 1713 stabant
334 1675 635 1724 liberioremque
656 1673 939 1724 paenitentiam
959 1673 1131 1712 solitudo
1155 1675 1344 1714 exciebat.

158 1740 260 1790 Ergo
284 1740 437 1777 hastam
462 1753 510 1776 ex
537 1751 696 1788 corpore
726 1738 887 1776 iacentis
917 1738 1088 1776 evolsam
1116 1739 1276 1777 retorsit
1304 1740 1344 1777 in

156 1809 305 1843 semet:
352 1804 509 1853 iamque
548 1803 777 1841 admoverat
824 1803 981 1853 pectori,
1023 1816 1111 1840 cum
1158 1803 1345 1842 advolant

105 1877 140 1910 15
156 1869 293 1920 vigiles
313 1873 353 1906 et
367 1867 603 1918 repugnanti
619 1881 638 1906 e
654 1867 835 1905 manibus
851 1872 1090 1917 extorquent
1105 1867 1344 1907 adlevatum-

155 1947 229 1983 que
249 1934 289 1971 in
310 1933 605 1971 tabernaculum
621 1932 814 1969 deferunt.
865 1931 937 1969 Ille
952 1932 1062 1969 humi
1078 1937 1344 1982 prostraverat

154 2011 294 2048 corpus
313 1997 462 2049 gemitu
483 1996 706 2046 eiulatuque
733 1995 944 2034 miserabili
973 2000 1099 2033 totam
1127 2009 1341 2047 personans
