1461 2255
160 165 201 197 30
530 165 815 198 SELECTIONS
844 165 976 198 FROM

160 260 283 300 nubes
304 261 511 299 condidere
532 261 663 308 solem,
687 262 825 313 ingens
850 266 960 300 aestu
988 262 1175 312 fatigatis,
1197 261 1350 301 etiamsi

159 339 260 376 aqua
286 325 480 372 deficeret,
507 325 708 363 auxilium.
767 326 978 364 Enimvero
1008 330 1051 364 ut
1080 325 1233 376 largum
1261 339 1351 376 quo-

160 403 234 440 que
266 390 433 428 imbrem
467 394 723 428 excusserunt
760 390 962 440 procellae,
998 403 1067 440 pro
1106 403 1146 428 se
1184 390 1350 440 quisque

110 468 145 501 15
160 455 338 505 excipere
376 468 475 502 eum,
513 454 674 505 quidam
712 455 762 493 ob
795 455 903 492 sitim
936 454 1161 505 inpotentes
1192 455 1251 492 sui
1283 468 1349 494 ore

159 532 314 569 quoque
344 518 471 557 hianti
504 524 659 570 captare
690 524 913 569 coeperunt.
977 518 1250 566 Quadriduum
1281 532 1350 570 per

160 587 289 620 vastas
309 582 541 621 solitudines
561 583 813 634 absumptum
835 588 902 622 est.

482 707 548 734 34.
579 703 647 734 The
671 703 760 734 oasis
783 703 825 743 of
842 703 1025 735 Hammon.

211 777 374 827 Iamque
411 776 518 815 haud
555 777 691 827 procul
730 777 877 816 oraculi
916 778 1007 817 sede
1046 778 1221 825 aberant,
1260 792 1350 817 cum

158 842 363 892 conplures
378 842 483 880 corvi
499 842 645 893 agmini
661 847 887 881 occurrunt:
908 842 1060 881 modico
1076 843 1209 881 volatu
1223 843 1350 893 prima

158 905 269 956 signa
288 905 565 944 antecedentes
585 906 701 944 modo
722 906 832 944 humi
848 907 1084 954 residebant,
1100 920 1186 945 cum
1202 907 1348 945 lentius

157 984 297 1021 agmen
317 970 526 1017 incederet,
548 970 665 1009 modo
686 984 726 1009 se
746 971 885 1021 pennis
909 971 1095 1010 levabant
1119 971 1347 1010 ducentium

105 1050 121 1082 5
155 1035 309 1085 iterque
334 1035 642 1073 monstrantium
671 1035 760 1073 ritu.
818 1035 994 1074 Tandem
1023 1036 1072 1074 ad
1101 1035 1234 1074 sedem
1262 1034 1348 1074 con-

157 1104 346 1138 secratam
380 1099 454 1138 deo
487 1105 653 1137 ventum
688 1106 758 1138 est.
817 1099 1053 1138 Incredibile
1088 1099 1208 1147 dictu,
1244 1100 1348 1138 inter

156 1169 287 1202 vastas
307 1163 540 1202 solitudines
561 1164 637 1201 sita
656 1163 831 1214 undique
852 1164 1117 1202 ambientibus
1136 1165 1254 1202 ramis
1277 1165 1347 1202 vix

156 1228 197 1265 in
217 1228 378 1266 densam
396 1228 576 1266 umbram
598 1228 761 1266 cadente
781 1227 861 1266 sole
877 1233 1055 1267 contecta
1070 1233 1138 1275 est,
1153 1228 1347 1279 multique

155 1292 283 1330 fontes
303 1292 485 1330 dulcibus
505 1292 617 1342 aquis
637 1292 783 1343 passim
803 1292 1056 1331 manantibus
1079 1292 1192 1331 alunt
1215 1292 1344 1331 silvas.

105 1373 142 1395 10
156 1356 263 1395 Caeli
296 1369 453 1407 quoque
485 1356 585 1394 mira
618 1357 837 1407 temperies,
869 1370 990 1395 verno
1018 1357 1147 1407 tepori
1175 1357 1346 1395 maxime

156 1421 304 1467 similis,
327 1434 462 1459 omnes
481 1421 575 1458 anni
603 1426 736 1471 partes
765 1421 849 1471 pari
879 1421 1110 1459 salubritate
1138 1422 1342 1471 percurrit.

154 1484 320 1523 Accolae
340 1484 443 1523 sedis
463 1490 557 1523 sunt
577 1485 625 1523 ab
641 1485 791 1523 oriente
807 1485 978 1535 proximi
993 1485 1246 1535 Aethiopum.
1297 1485 1345 1523 In

154 1549 359 1587 meridiem
396 1562 548 1587 versam
586 1549 739 1587 Arabes
773 1554 964 1599 spectant,
997 1549 1250 1599 Troglodytis
1287 1563 1346 1588 co-

154 1627 324 1664 gnomen
359 1618 440 1652 est:
482 1613 623 1651 horum
657 1613 762 1664 regio
797 1626 919 1663 usque
953 1613 1003 1651 ad
1035 1613 1199 1652 rubrum
1237 1627 1344 1652 mare

103 1693 139 1725 15
155 1678 337 1716 excurrit.
387 1679 443 1716 At
463 1691 540 1728 qua
559 1678 688 1728 vergit
708 1678 757 1715 ad
778 1677 1029 1725 occidentem,
1045 1677 1110 1715 alii
1126 1678 1344 1728 Aethiopes

154 1742 300 1789 colunt,
331 1755 429 1792 quos
459 1742 614 1780 Simuos
644 1745 796 1780 vocant.
859 1742 896 1779 A
925 1741 1194 1791 septentrione
1224 1742 1345 1780 Nasa—

153 1819 287 1844 mones
317 1811 421 1851 sunt,
449 1819 544 1856 gens
574 1805 740 1855 Syrtica,
772 1805 1018 1856 navigiorum
1047 1805 1182 1856 spoliis
1210 1819 1344 1856 quaes-

152 1875 276 1918 tuosa,
326 1871 471 1921 quippe
518 1869 701 1908 obsident
747 1869 864 1907 litora
910 1875 950 1908 et
995 1875 1104 1908 aestu
1151 1870 1343 1909 destituta

152 1935 311 1986 navigia
338 1934 442 1972 notis
471 1934 546 1972 sibi
573 1933 684 1971 vadis
715 1938 914 1984 occupant.
974 1933 1128 1973 Incolae
1158 1934 1339 1983 nemoris,

99 2015 140 2037 20
153 2012 250 2050 quos
270 1998 529 2037 Hammonios
549 2003 702 2046 vocant,
724 1997 909 2049 dispersis
937 1998 1106 2048 tuguriis
1135 1998 1341 2038 habitant:
