1461 2255
149 176 168 207 8
528 174 812 206 SELECTIONS
836 172 968 205 FROM

95 282 134 315 25
150 270 221 309 Oui
243 271 469 309 Alexander
492 271 625 308 ‘Nihil
646 270 728 317 est‚’
758 270 896 320 inquit,
932 269 1058 319 ‘quod
1083 269 1154 307 hoc
1180 268 1339 307 nomine

148 335 400 374 confundaris
415 350 424 383 3
445 348 535 373 nam
556 339 596 373 et
615 335 678 372 hic
698 333 926 372 Alexander
946 333 1027 371 est.'

542 460 577 486 8.
606 455 636 486 A
663 455 813 495 hcmmhzy
834 455 936 487 letter.

202 527 310 565 ‘Rex
330 526 558 564 Alexander
578 526 708 564 Dareo
728 525 766 564 S.
816 525 938 563 Cuius
959 537 1102 563 nomen
1123 523 1337 575 sumpsisti,

146 591 298 630 Dareus
328 591 509 637 Graecos,
540 590 607 640 qui
638 604 746 628 oram
776 589 1027 640 Hellesponti
1061 593 1209 636 tenent,
1241 588 1339 627 colo-

145 656 307 706 niasque
341 656 581 694 Graecorum
616 655 747 693 Ionias
771 655 877 692 omni
907 653 1016 693 clade
1045 653 1227 701 vastavit,
1249 666 1337 691 cum

144 734 286 771 magno
303 720 447 758 deinde
463 719 638 758 exercitu
654 733 760 757 mare
776 719 930 757 traiecit
944 718 1068 756 inlato
1084 717 1337 757 Macedoniae

113 801 129 834 5
145 790 184 823 et
205 784 390 823 Graeciae
410 784 523 823 bello.
583 784 734 822 Rursus
755 783 909 822 Xerxes
928 783 1057 834 gentis
1085 781 1259 821 eiusdem
1287 782 1336 821 ad

145 849 431 900 oppugnandos
452 863 522 887 nos
552 862 639 887 cum
668 848 899 886 immanium
929 848 1186 886 barbarorum
1208 846 1336 898 *copiis

144 914 278 955 venit:
318 914 385 964 qui
415 913 545 951 navali
574 913 722 963 proelio
756 913 882 951 victus
915 912 1169 951 Mardonium
1202 916 1335 950 tamen

143 978 304 1029 reliquit
342 978 383 1016 in
422 978 595 1026 Graecia,
629 983 673 1015 ut
711 978 850 1016 absens
891 990 1045 1027 quoque
1081 976 1335 1027 popularetur

142 1044 270 1090 urbes,
289 1056 400 1094 agros
415 1048 557 1081 ureret.
607 1042 836 1092 Philippum
852 1055 956 1089 vero,
974 1045 1175 1092 parentem
1190 1054 1331 1088 meum,

92 1125 129 1146 10
143 1108 230 1158 quis
263 1108 421 1158 ignorat
454 1108 503 1145 ab
537 1107 583 1145 iis
618 1107 869 1145 interfectum
903 1119 996 1154 esse,
1032 1119 1128 1156 quos
1161 1105 1333 1156 ingentis

141 1173 328 1223 pecuniae
349 1186 416 1222 spe
437 1172 747 1210 sollicitaverant
766 1171 918 1209 vestri?
973 1170 1088 1221 Inpia
1107 1170 1211 1209 enim
1231 1169 1334 1208 bella

141 1237 339 1287 suscipitis
374 1242 424 1284 et,
461 1251 550 1275 cum
583 1236 762 1274 habeatis
795 1249 914 1283 arma,
949 1234 1122 1273 licemini
1158 1234 1332 1273 hostium

140 1302 292 1353 capita:
323 1302 426 1340 sicut
445 1307 490 1340 tu
509 1302 688 1352 proxime
708 1301 867 1339 talentis
888 1299 1005 1347 mille,
1020 1299 1123 1338 tanti
1138 1300 1332 1337 exercitus

139 1382 219 1415 rex,
243 1380 509 1417 percussorem
525 1367 565 1404 in
582 1380 644 1404 me
661 1379 787 1404 emere
804 1365 974 1406 voluisti.
1033 1363 1195 1414 Repello
1210 1363 1332 1414 igitur
1367 1361 1369 1363 ¹

90 1445 124 1478 15
140 1432 297 1479 bellum,
321 1445 401 1470 non
422 1431 557 1469 infero.
616 1431 668 1469 Et
689 1431 729 1468 di
750 1443 904 1481 quoque
933 1443 1004 1480 pro
1034 1428 1193 1467 meliore
1223 1433 1331 1467 stant

139 1510 276 1536 causa:
320 1510 503 1547 magnam
541 1500 693 1546 partem
732 1495 850 1533 Asiae
888 1495 929 1532 in
967 1493 1160 1532 dicionem
1197 1493 1330 1545 redegi

138 1576 275 1609 meam,
309 1566 349 1600 te
382 1562 511 1612 ipsum
545 1562 625 1599 acie
659 1560 746 1598 vici.
811 1560 938 1607 Quem
971 1559 1044 1597 etsi
1078 1558 1177 1596 nihil
1209 1571 1232 1596 a
1269 1572 1330 1597 me

137 1628 336 1678 inpetrare
357 1626 575 1676 oportebat,
598 1630 737 1675 utpote
757 1625 825 1674 qui
846 1637 894 1662 ne
914 1624 1006 1662 belli
1027 1622 1187 1674 quidem
1207 1623 1247 1660 in
1268 1636 1329 1661 me

136 1692 222 1730 iura
242 1691 469 1738 servaveris,
493 1696 636 1737 tamen,
659 1690 691 1727 si
712 1689 865 1727 veneris
895 1688 1071 1739 supplex,
1094 1692 1134 1727 et
1162 1693 1328 1727 matrem

83 1770 124 1792 20
137 1762 177 1795 et
210 1756 415 1806 coniugem
449 1761 488 1793 et
521 1755 663 1792 liberos
698 1754 781 1792 sine
810 1753 938 1803 pretio
967 1758 1216 1803 recepturum
1246 1766 1328 1791 esse

135 1821 336 1872 promitto.
397 1820 448 1858 Et
468 1820 623 1858 vincere
644 1824 684 1856 et
704 1818 903 1857 consulere
925 1817 1039 1855 victis
1066 1818 1153 1856 scio.
1213 1817 1328 1865 Quod

136 1887 167 1925 si
188 1891 227 1924 te
252 1885 497 1924 committere
527 1884 640 1922 nobis
671 1884 797 1931 times,
822 1883 1004 1921 dabimus
1033 1882 1150 1921 fidem
1179 1883 1328 1933 inpune

135 1957 357 1990 venturum.
427 1950 487 1988 De
516 1954 655 1997 cetero,
689 1962 778 1986 eum
811 1948 910 1985 mihi
944 1948 1099 1995 scribes,
1129 1953 1327 1987 memento

134 2030 213 2055 non
234 2016 361 2054 solum
381 2014 463 2066 regi
484 2019 534 2061 te,
552 2013 620 2052 sed
641 2014 759 2052 etiam
780 2018 847 2051 tuo
868 2012 1059 2051 scribere!
