1461 2255
170 162 213 192 40
540 162 825 195 SELECTIONS
856 162 986 194 FROM

170 256 332 295 latebris
371 258 449 296 suis
488 263 620 296 erutos
656 258 755 296 nihil
793 263 948 308 praeter
989 260 1149 298 nomina
1191 260 1354 300 adferre.

170 321 407 361 Macedonas
428 323 576 360 virtute
597 323 812 370 adsecutos,
834 336 882 361 ne
903 324 990 373 quis
1015 328 1099 362 toto
1129 324 1220 363 orbe
1249 324 1356 362 locus

170 391 281 434 esset,
313 387 381 437 qui
410 387 508 424 tales
537 387 642 425 viros
670 387 878 437 ignoraret.
938 387 1195 427 Intuerentur
1223 389 1356 427 barba-

169 463 301 488 rorum
320 450 570 489 inconditum
586 464 742 501 agmen:
769 451 887 489 alium
904 452 1001 490 nihil
1019 458 1172 503 praeter
1186 453 1355 492 iaculum

114 532 156 554 20
169 514 323 561 habere,
354 515 475 553 alium
503 515 626 553 funda
654 529 748 553 saxa
777 516 930 564 librare,
959 517 1090 567 paucis
1118 517 1221 556 iusta
1249 531 1356 556 arma

169 592 261 617 esse.
321 579 461 629 Itaque
494 579 603 617 illinc
637 580 767 630 plures
798 585 924 619 stare:
963 581 1053 619 hinc
1081 581 1212 631 plures
1245 581 1355 620 dimi-

168 648 334 681 caturos.
394 644 476 681 Nec
510 644 709 693 postulare
743 657 792 691 se,
835 650 878 682 ut
915 645 1072 683 fortiter
1109 650 1355 696 capesserent

167 707 371 757 proelium,
388 708 427 745 ni
448 707 530 758 ipse
551 708 689 746 ceteris
704 708 950 747 fortitudinis
965 710 1102 747 fuisset
1117 710 1354 760 exemplum:

166 785 206 809 se
226 776 317 810 ante
344 771 471 822 prima
499 772 610 822 signa
638 772 926 811 dimicaturum.
985 773 1186 824 Spondere
1215 788 1285 825 pro
1314 787 1354 814 se

111 840 226 884 25tot
264 836 473 883 cicatrices,
508 837 676 875 totidem
714 838 885 887 corporis
915 837 1076 877 decora:
1116 839 1212 877 scire
1249 839 1354 889 ipsos

166 913 288 938 unum
317 914 440 950 paene
469 914 509 939 se
538 901 704 951 praedae
734 903 951 940 communis
981 907 1175 941 exsortem
1206 903 1247 941 in
1275 903 1354 941 illis

165 965 337 1003 colendis
384 965 649 1016 ornandisque
695 979 883 1016 usurpare
931 967 1116 1005 victoriae
1168 968 1349 1018 praemia.

164 1029 272 1068 Haec
293 1043 332 1068 se
352 1029 521 1068 fortibus
542 1030 636 1068 viris
657 1030 795 1069 dicere.
847 1031 888 1069 Si
907 1031 973 1081 qui
994 1031 1202 1070 dissimiles
1218 1046 1352 1071 eorum

163 1100 303 1142 essent,
319 1094 385 1132 illa
404 1094 524 1132 fuisse
545 1094 759 1133 dicturum:
786 1096 1008 1145 pervenisse
1029 1109 1083 1144 eo,
1099 1097 1204 1135 unde
1219 1097 1352 1148 fugere

109 1174 150 1206 30
163 1172 240 1197 non
262 1163 430 1209 possent.
489 1159 566 1197 Tot
586 1164 780 1197 terrarum
800 1160 927 1210 spatia
946 1161 1123 1209 emensis,
1147 1165 1207 1200 tot
1231 1162 1350 1200 amni-

162 1223 235 1261 bus
256 1224 534 1273 montibusque
555 1228 644 1273 post
665 1229 818 1274 tergum
840 1225 1001 1263 obiectis
1021 1226 1096 1264 iter
1117 1226 1157 1263 in
1183 1227 1349 1276 patriam

162 1292 202 1326 et
238 1292 400 1337 penates
438 1301 558 1326 manu
596 1301 678 1326 esse
716 1288 962 1327 faciendum.’
1024 1290 1087 1328 Sic
1126 1290 1254 1339 duces,
1295 1292 1349 1330 sic

160 1352 330 1402 proximi
349 1352 520 1390 militum
541 1352 719 1391 instincti
739 1357 839 1391 sunt.

329 1523 393 1549 45.
422 1517 575 1558 Babylon
598 1519 841 1550 surremlerezl.·
874 1520 924 1551 tlte
948 1519 1053 1560 lcivq’s
1076 1526 1181 1562 cmry.

211 1605 393 1644 Ceterum
415 1605 620 1655 Babylona
640 1606 867 1655 procedenti
890 1607 1119 1646 Alexandro
1148 1608 1342 1657 Mazaeus,

157 1670 223 1720 qui
259 1683 308 1708 ex
346 1669 426 1708 acie
463 1669 504 1706 in
534 1683 617 1708 eam
648 1670 785 1708 urbem
815 1671 1053 1721 confugerat,
1084 1686 1170 1710 cum
1199 1673 1345 1712 adultis

156 1735 288 1772 liberis
309 1733 477 1784 supplex
496 1734 664 1772 occurrit
683 1735 820 1772 urbem
840 1748 958 1786 seque
982 1735 1138 1775 dedens.
1197 1737 1343 1776 Gratus

155 1798 349 1836 adventus
370 1799 451 1836 eius
481 1799 563 1849 regi
592 1799 677 1846 fuit,
700 1799 846 1849 quippe
874 1800 1006 1851 magni
1036 1801 1163 1850 operis
1191 1801 1343 1840 obsidio

123 1864 289 1909 5futura
307 1867 384 1901 erat
407 1868 487 1901 tam
517 1863 692 1901 munitae
721 1864 836 1902 urbis.
895 1864 960 1902 Ad
990 1865 1062 1903 hoc
1090 1866 1151 1904 vir
1178 1866 1343 1905 illustris

154 1932 193 1966 et
225 1941 345 1965 manu
378 1933 582 1977 promptus
616 1928 797 1977 famaque
831 1928 947 1966 etiam
983 1930 1161 1979 proximo
1194 1931 1342 1980 proelio

152 1992 313 2031 celebris
334 1997 373 2030 et
400 1997 549 2030 ceteros
578 1991 627 2030 ad
656 1991 897 2030 deditionem
928 1993 987 2031 sui
1015 1994 1250 2033 incitaturus
1279 2008 1342 2034 ex-
