1461 2255
423 182 634 221 QUINTUS
662 183 878 216 CURTIUS.
1209 186 1250 216 45

58 277 107 316 ad
137 282 176 317 te
210 278 310 325 veni,
346 278 479 326 donec,
513 284 557 316 ut
588 280 840 327 considerem,
874 280 1076 328 adnueres‚
1108 281 1245 319 restiti.
1264 293 1304 315 20

57 342 321 382 Procumbens
364 344 541 381 venerari
586 357 648 382 me
695 358 809 394 saepe
850 344 1034 383 voluisti:
1082 345 1245 383 inhibui.

7 405 10 407 Δ
56 408 313 447 Dulcissimae
351 409 467 446 matri
511 409 737 459 Olympiadi
776 423 919 447 nomen
958 409 1136 448 debitum
1175 410 1247 448 tibi

56 472 200 510 reddo.'

348 636 412 664 50.
446 632 512 663 The
528 633 688 673 rcgst'ment
706 633 950 673 0s9›·zcmblers.

52 735 246 774 [Parmenio
269 746 339 767 was
367 747 430 767 one
458 736 494 767 of
520 737 747 768 Alexander's
775 737 852 768 best
883 738 1049 779 generaIS,
1080 739 1147 769 and
1178 750 1245 770 was

93 789 281 830 appointed
294 790 340 831 by
357 790 428 821 him
443 790 620 821 Governor
637 791 671 822 of
687 791 866 822 Ecbatana
880 804 888 829 ;
906 792 969 823 but
986 792 1021 823 in
1034 793 1097 824 330
1113 793 1165 823 his
1183 804 1244 824 son

95 843 250 875 Philotas
277 854 347 875 was
372 847 436 885 put
463 847 499 875 to
527 844 631 875 death
660 856 703 875 on
728 855 748 875 a
774 845 898 886 charge
927 845 962 876 of
987 846 1183 887 conspiring
1207 848 1244 877 to

94 897 233 928 murder
248 898 308 929 the
325 897 430 939 King,
450 898 517 928 and
541 901 625 929 next
640 909 723 939 year
740 898 921 929 Parmenio
945 910 1015 930 was
1040 900 1111 931 also
1135 900 1243 930 killed

95 951 141 992 by
157 951 382 983 Alexander’s
399 952 545 991 orders]

104 1049 340 1097 Alexander,
372 1063 469 1100 quos
503 1049 624 1088 libere
653 1055 820 1088 mortem
850 1050 1122 1088 Parmenionis
1157 1064 1243 1089 con-

50 1119 209 1164 questos
238 1128 320 1152 esse
351 1119 591 1164 conpererat,
615 1114 852 1164 separandos
874 1128 895 1152 a
916 1120 1045 1152 cetero
1066 1115 1239 1153 exercitu

50 1184 157 1217 ratus
176 1179 217 1217 in
236 1193 355 1217 unam
376 1179 578 1217 cohortem
598 1179 765 1217 secrevit
786 1178 1002 1229 ducemque
1024 1179 1084 1216 his
1106 1179 1241 1217 Leoni-

48 1244 139 1282 dam
159 1243 281 1291 dedit,
303 1249 342 1282 et
362 1245 491 1294 ipsum
521 1243 775 1281 Parmenioni
804 1243 1003 1293 quondam
1030 1244 1170 1282 intima
1189 1244 1240 1282 fa-

49 1308 274 1347 miliaritate
303 1309 565 1346 coniunctum,
625 1308 722 1346 Fere
743 1308 863 1346 iidem
884 1313 1007 1355 erant,
1031 1321 1128 1358 quos
1150 1309 1241 1347 alio·
1276 1325 1293 1358 5

49 1373 144 1424 quin
164 1387 234 1412 rex
253 1373 444 1411 habuerat
473 1373 630 1411 invisos.
690 1373 794 1410 Nam
814 1386 902 1410 cum
923 1373 1092 1423 experiri
1121 1373 1241 1412 vellet

48 1438 217 1476 militum
237 1438 399 1485 animos,
415 1437 631 1484 admonuit,
650 1437 718 1487 qui
739 1437 892 1476 litteras
908 1437 949 1474 in
966 1437 1239 1476 Macedoniam

48 1503 97 1541 ad
126 1516 215 1541 suos
244 1503 471 1553 scripsisset,
494 1503 551 1548 iis,
575 1515 672 1552 quos
701 1503 783 1552 ipse
812 1502 1006 1550 mittebat,
1030 1502 1239 1552 perlaturis

47 1581 136 1606 cum
173 1567 249 1606 fide
277 1567 462 1606 traderet.
522 1567 761 1617 Simpliciter
794 1567 843 1605 ad
878 1567 1114 1605 necessarios
1150 1581 1238 1605 suos

48 1633 212 1683 quisque
243 1632 462 1682 scripserat,
495 1646 594 1682 quae
624 1632 844 1670 sentiebat:
874 1632 959 1669 aliis
986 1633 1115 1682 gravis
1142 1638 1235 1680 erat,
1257 1648 1294 1670 10

47 1698 242 1748 plerisque
261 1711 341 1735 non
356 1698 510 1749 ingrata
525 1697 676 1735 militia.
735 1697 798 1734 Ita
814 1702 853 1734 et
869 1697 1071 1747 agentium
1092 1697 1238 1747 gratias

46 1762 201 1801 litterae
221 1767 407 1812 exceptae
428 1767 521 1800 sunt
542 1767 580 1800 et
600 1762 666 1812 qui
688 1762 788 1799 forte
809 1761 984 1799 taedium
1005 1761 1148 1799 laboris
1168 1776 1238 1812 per

46 1827 200 1866 litteras
215 1832 327 1866 erant
342 1827 483 1877 questi.
542 1827 654 1864 Hanc
675 1839 826 1864 seorsus
846 1826 1047 1864 cohortem
1063 1840 1085 1864 a
1101 1828 1237 1865 ceteris

47 1892 208 1930 tendere
234 1892 473 1942 ignominiae
494 1905 609 1930 causa
628 1891 748 1936 iubet,
771 1891 1006 1929 fortitudine
1035 1905 1176 1929 usurus
1196 1892 1237 1929 in

48 1956 161 2004 bello,
193 1956 417 1994 libertatem
448 1956 603 2006 linguae
637 1956 685 1994 ab
719 1956 879 1993 auribus
913 1955 1081 1993 credulis
1116 1970 1291 2004 remo-15

49 2027 172 2060 turus.
231 2021 282 2059 Et
320 2021 538 2067 consilium,
578 2020 830 2058 temerarium
869 2020 1236 2070 forsitan—-quippe
