1461 2255
422 178 635 217 QUINTUS
659 177 878 210 CURTIUS.
1230 178 1250 209 3

59 276 133 315 sibi
171 289 220 315 ex
258 275 438 314 manibus
483 275 723 324 obscuraque
762 279 802 312 et
845 273 1008 324 ignobili
1046 278 1171 311 morte
1209 274 1249 310 in

59 340 309 379 tabernaculo
353 339 532 390 extingui
577 352 616 377 se
661 339 908 389 querebatur.
977 337 1250 387 Admissisque

58 405 192 444 amieis
229 404 377 455 pariter
420 417 463 443 ac
507 403 695 442 medicis:
746 403 817 441 ‘In
859 416 936 453 quo
980 403 1065 450 me,’
1106 402 1247 452 inquit,
1268 421 1306 443 10

59 469 248 508 ‘articulo
305 482 435 507 rerum
495 481 672 506 mearum
722 468 880 506 fortuna
933 466 1248 518 deprehenderit,

59 534 226 572 cernitis.
297 533 516 583 Strepitum
566 532 770 570 hostilium
821 545 1018 570 armorum
1065 531 1251 569 exaudire

58 598 156 636 mihi
175 597 311 637 videor
334 602 382 645 et,
406 597 473 647 qui
499 597 603 635 ultro
630 597 749 635 intuli
772 596 930 644 bellum,
950 596 1029 634 iam
1049 608 1248 646 provocor.

59 663 211 701 Dareus
252 675 343 713 ergo
387 675 475 700 cum
519 666 601 699 tam
646 661 833 712 superbas
876 661 1009 698 literas
1054 660 1250 707 scriberet,

59 727 259 765 fortunam
287 740 414 764 meam
443 726 484 764 in
513 726 675 764 consilio
705 725 868 764 habuit:
903 725 972 763 sed
1000 725 1250 775 nequiquam,
1270 740 1307 774 15

60 792 91 829 si
120 791 217 829 mihi
246 790 407 829 arbitrio
436 803 523 829 meo
552 791 677 828 curari
706 790 808 828 licet.
866 790 992 828 Lenta
1015 789 1190 828 remedia
1215 793 1254 827 et

60 868 197 906 segnes
216 855 387 893 medicos
408 869 487 893 non
509 860 720 906 expectant
740 860 918 905 tempora
937 868 1024 892 mea
1041 871 1047 893 :
1072 854 1136 892 vel
1155 853 1255 892 mori

60 926 219 959 strenue
257 933 375 970 quam
414 919 525 958 tarde
563 919 831 958 convalescere
869 919 967 957 mihi
1005 919 1144 957 melius
1182 922 1252 956 est.

62 985 243 1032 Proinde,
280 985 311 1022 si
345 984 440 1035 quid
474 984 572 1034 opis,
603 984 635 1022 si
669 984 765 1034 quid
795 983 889 1022 artis
921 984 963 1021 in
992 983 1153 1021 medicis
1182 988 1252 1030 est,

62 1050 199 1095 sciant,
237 1062 300 1087 me
338 1062 417 1087 non
456 1053 537 1087 tam
574 1049 712 1087 mortis
752 1062 870 1099 quam
907 1048 999 1086 belli
1037 1048 1256 1086 remedium
1270 1065 1311 1086 20

63 1113 273 1165 quaerere.'
328 1113 538 1164 Ingentem
565 1113 747 1152 omnibus
774 1114 991 1151 incusserat
1017 1127 1148 1151 curam
1174 1118 1256 1151 tam

62 1192 244 1230 praeceps
264 1179 465 1217 temeritas
486 1178 578 1217 eius.
638 1178 742 1229 Ergo
763 1191 832 1229 pro
853 1191 893 1216 se
917 1178 1082 1228 quisque
1108 1178 1257 1228 precari

64 1257 235 1295 coepere,
263 1256 312 1281 ne
338 1243 592 1281 festinatione
617 1243 836 1293 periculum
862 1247 1033 1294 augeret,
1062 1242 1130 1281 sed
1156 1247 1258 1281 esset

63 1310 104 1347 in
142 1312 337 1359 potestate
375 1307 647 1354 medentium:
692 1308 899 1358 inexperta
936 1307 1109 1346 remedia
1151 1307 1258 1345 haud

63 1373 209 1412 iniuria
244 1372 341 1424 ipsis
379 1386 461 1411 esse
500 1377 687 1423 suspecta,
725 1386 812 1410 cum
846 1372 895 1410 ad
928 1372 1142 1423 perniciem
1175 1373 1258 1411 eius
1273 1385 1312 1418 25

65 1439 183 1477 etiam
230 1451 252 1476 a
297 1437 419 1476 latere
465 1437 588 1487 ipsius
634 1437 799 1487 pecunia
848 1437 1076 1475 sollicitaret
1121 1437 1254 1475 hostis.

66 1503 219 1553 Quippe
253 1502 404 1540 Dareus
438 1501 544 1540 mille
583 1502 733 1540 talenta
765 1501 1009 1540 interfectori
1040 1501 1260 1540 Alexandri

66 1568 252 1606 daturum
273 1580 312 1605 se
333 1567 581 1617 pronuntiari
610 1567 785 1604 iusserat.
845 1566 984 1616 Itaque
1004 1580 1053 1605 ne
1074 1580 1260 1605 ausurum

67 1632 226 1683 quidem
252 1645 490 1682 quemquam
518 1631 813 1670 arbitrabantur
833 1631 1004 1681 experiri
1030 1631 1258 1678 remedium,

68 1697 174 1747 quod
195 1701 355 1747 propter
373 1695 593 1734 novitatem
613 1700 746 1746 posset
765 1708 847 1733 esse
867 1700 1102 1746 suspectum.
1276 1708 1316 1740 30

380 1821 417 1847 4.
448 1818 470 1832 “
485 1816 560 1848 Can
576 1816 598 1846 I
612 1820 695 1847 trust
711 1826 768 1856 my
784 1816 923 1846 doc-lor?
937 1815 954 1828 ”

124 1893 220 1931 Erat
257 1892 361 1930 inter
389 1891 541 1930 nobiles
574 1891 757 1939 medicos
789 1905 838 1929 ex
866 1891 1100 1929 Macedonia
1132 1904 1262 1942 regem

71 1962 236 2005 secutus,
265 1956 484 2007 Philippus,
515 1956 675 1994 natione
701 1956 895 2002 Acarnan,
924 1955 1025 1993 fidus
1050 1956 1263 1994 admodum

71 2021 153 2072 regi
169 2037 176 2059 t
197 2034 318 2072 puero
334 2033 462 2059 comes
483 2025 522 2058 et
542 2025 671 2058 custos
692 2020 830 2058 salutis
847 2019 963 2057 datus
979 2034 1057 2058 non
1074 2025 1118 2058 nt
1133 2034 1263 2070 regem
