1461 2255
146 163 184 192 14
518 162 802 194 SELECTIONS
827 162 957 194 FROM

147 263 205 290 1⁵.
233 258 431 290 Alexander
454 269 652 299 maceraret-(ses
669 259 719 290 lais
735 270 809 290 men
825 259 896 290 and
912 259 1023 299 beslius
1040 264 1071 290 to
1086 258 1181 291 malsc
1197 269 1220 290 α
1236 259 1328 291 mole.

198 323 341 373 Ingens
361 337 451 374 ergo
472 323 611 361 animis
637 323 808 361 militum
835 323 1057 372 desperatio
1076 322 1236 361 incessit
1255 335 1332 361 cer-

144 388 327 426 nentibus
348 388 588 438 profundum
607 401 724 435 mare,
743 387 849 437 quod
870 387 937 424 vix
954 387 1090 425 divina
1108 400 1181 437 ope
1201 391 1332 437 posset

143 452 294 502 inpleri.
354 453 462 500 Quae
491 466 585 490 saxa
614 456 694 490 tam
716 457 837 497 vasta,
860 465 956 502 quas
977 456 1058 490 tam
1078 464 1256 502 proceras
1277 465 1332 489 ar-

144 517 255 555 bores
284 530 396 567 posse
424 517 613 567 reperiri?
646 516 932 555 exhauriendas
964 529 1046 555 esse
1077 516 1265 566 regiones,
1288 520 1332 553 ut

113 581 241 630 5illud
299 581 470 631 spatium
528 586 830 632 exaggeraretur
849 596 855 618 :
903 585 1133 619 exaestuare
1180 593 1332 631 semper

143 646 299 693 fretum,
322 659 478 695 quoque
499 646 619 683 artius
649 646 850 683 volutetur
873 645 978 683 inter
997 645 1166 683 insulam
1188 649 1227 683 et
1246 657 1332 683 eon-

144 711 347 757 tinentem,
380 710 452 748 hoc
481 710 607 747 acrius
639 710 777 748 furere.
834 710 891 747 At
919 709 995 757 ille,
1026 709 1331 760 haudquaquam

143 774 250 812 rudis
296 774 563 824 pertractandi
613 773 801 812 militares
844 774 1005 819 animos,
1049 774 1215 824 speciem
1257 772 1332 811 sibi

144 838 326 877 Herculis
353 839 394 876 in
421 852 558 877 somno
585 838 757 876 oblatam
784 851 867 877 esse
895 839 1127 888 pronuntiat
1151 839 1330 886 dext-ram

94 921 130 942 10
143 903 403 954 porrigentis:
433 903 500 941 illo
521 902 630 950 duce,
652 902 720 940 illo
740 903 939 952 aperiente
960 903 1000 940 in
1020 902 1157 941 urbem
1185 903 1331 941 intrare

143 982 183 1007 se
198 968 336 1006 visum.
386 967 496 1005 Inter
508 967 601 1006 haec
617 967 890 1006 caduceatores
903 968 1139 1014 interfectos,
1154 967 1331 1018 gentium

143 1033 228 1070 iura
247 1031 394 1070 violata
414 1032 629 1070 referebat:
650 1045 770 1070 unam
791 1045 871 1070 esse
892 1032 1038 1080 urbem,
1057 1045 1156 1082 quae
1176 1044 1330 1070 cursum

144 1097 303 1135 victoris
322 1096 466 1134 morari
486 1109 579 1134 ausa
599 1100 711 1134 esset.
770 1096 946 1134 Ducibus
967 1096 1109 1134 deinde
1129 1096 1330 1147 negotium

144 1161 271 1207 datur,
294 1166 339 1199 ut
359 1174 447 1199 suos
468 1161 633 1211 quisque
665 1161 840 1212 castiget,
863 1161 1034 1211 satisque
1067 1161 1247 1199 omnibus
1266 1160 1332 1198 sti-

94 1239 130 1273 15
144 1225 304 1264 mulatis
342 1239 439 1276 opus
478 1239 588 1263 orsus
627 1230 696 1264 est.
774 1225 922 1276 Magna
959 1226 1019 1264 vis
1058 1239 1242 1264 saxorum
1280 1225 1330 1263 ad

143 1304 304 1329 manum
341 1294 436 1337 erat,
467 1290 572 1339 Tyro
607 1294 738 1328 vetere
776 1291 1011 1340 praebente:
1058 1290 1239 1329 materies
1282 1303 1331 1328 ex

144 1356 295 1394 Libano
324 1360 458 1393 monte
478 1355 629 1393 ratibus
650 1360 690 1393 et
709 1355 885 1393 turribus
909 1355 1097 1393 faciendis
1117 1355 1333 1393 adveheba-

144 1425 218 1459 tur.
277 1419 439 1470 Iamque
460 1433 481 1457 a
500 1419 623 1457 fundo
650 1419 768 1457 maris
792 1420 832 1457 in
859 1419 1110 1458 altitudinem
1138 1419 1330 1458 modicam

144 1498 242 1536 opus
270 1489 457 1532 creverat,
480 1484 658 1522 nondum
679 1489 812 1522 tamen
832 1498 955 1535 aquae
974 1484 1176 1535 fastigium
1195 1498 1333 1535 aequa-

91 1563 132 1584 20
143 1551 213 1589 bat
231 1566 237 1588 :
259 1563 347 1587 cum
366 1549 477 1599 Tyrii
498 1549 629 1599 parvis
649 1549 817 1600 navigiis
838 1549 1008 1588 admotis
1028 1563 1097 1600 per
1116 1549 1331 1588 ludibrium

144 1614 445 1665 exprobrabant,
468 1613 554 1651 illos
575 1613 692 1651 armis
719 1613 875 1652 inclitos
896 1614 1010 1652 dorso
1031 1614 1131 1652 sicut
1156 1614 1332 1652 iumenta

144 1693 262 1719 onera
307 1683 485 1729 gestare:
532 1677 832 1729 interrogabant
880 1679 1009 1726 etiam,
1058 1692 1154 1717 num
1209 1679 1332 1717 maior

144 1744 332 1794 Neptuno
370 1742 597 1781 Alexander
643 1744 773 1780 esset?
842 1743 949 1781 Haec
995 1743 1080 1794 ipsa
1125 1743 1331 1782 insectatio

144 1809 385 1847 alacritatem
405 1807 576 1845 militum
596 1807 783 1845 accendit.

368 1888 426 1914 16.
462 1882 622 1922 Viam-ons
637 1882 815 1914 resistance
831 1883 873 1922 of
882 1883 934 1913 tlte
953 1883 1112 1923 Tyriam.

196 1938 358 1988 Iamque
397 1937 558 1987 paulum
592 1936 713 1975 moles
760 1950 859 1986 aqua
906 1936 1103 1975 eminebat
1140 1942 1179 1975 et
1217 1937 1332 1975 simul

145 2003 295 2054 aggeris
315 2001 485 2041 latitudo
506 2001 703 2039 crescebat
722 2001 888 2051 urbique
916 2001 1200 2040 admovebatur
1217 2016 1225 2039 ·.
1244 2015 1331 2040 cum
