1461 2255
422 186 633 226 QUINTUS
662 186 881 218 UURTIUS.
1208 185 1249 218 37

59 291 252 337 quantum
299 289 419 335 petas.
491 283 759 321 Periculosum
812 286 871 319 est
924 295 1137 332 praegrave
1183 281 1252 318 im-

59 351 237 402 perium:
281 349 435 388 difficile
474 353 534 386 est
571 348 676 386 enim
720 347 931 392 continere,
972 346 1076 396 quod
1116 358 1251 395 capere

51 426 138 454 ‘non
185 415 320 465 possis.
402 413 587 459 Videsne,
636 417 680 450 ut
727 411 895 461 navigia,
945 424 1043 461 quae
1090 410 1252 448 modum
1272 429 1308 450 10

59 479 264 527 excedunt,
301 479 383 529 regi
415 479 638 528 nequeant}
704 476 858 521 Nescio,
894 489 943 514 an
981 476 1131 513 Dareus
1165 475 1253 513 ideo

59 549 141 583 tam
193 543 318 582 multa
364 542 551 589 amiserit,
600 541 693 592 quia
747 540 892 578 nimiae
945 554 1037 590 opes
1090 553 1253 591 magnae

60 610 231 648 iacturae
268 609 396 647 locum
437 607 596 645 faciunt.
667 605 838 644 Facilius
880 610 938 643 est
976 604 1136 654 quidem
1173 605 1255 642 vin-

60 688 157 721 cere,
197 687 315 724 quam
359 674 460 710 tueri
502 671 708 723 praedam:
754 683 883 720 quam,
930 669 1098 716 hercule,
1143 682 1255 719 expe-

61 739 183 778 c‘itius
239 750 377 775 manus
432 741 590 774 nostrae
645 735 816 785 rapiunt,
867 747 985 784 quam
1038 734 1250 772 continent.
1273 748 1308 781 15

62 803 152 854 lpsa
185 815 288 840 mors
323 801 456 839 uxoris
488 800 609 838 Darei
647 800 857 838 admonere
891 803 930 836 te
962 803 1093 848 potest
1126 798 1255 836 minus

62 868 139 906 iam
176 865 465 904 misericordiae
503 869 594 902 tuae
633 865 760 910 licere,
795 877 912 913 quam
950 863 1084 901 licuit.⁷
1140 862 1256 900 Alex-

63 932 183 971 ander
238 931 378 983 legatis
434 930 622 968 excedere
679 928 930 967 tabernaculo
986 928 1113 974 iussis,
1162 927 1256 977 quid

65 997 244 1048 placeret,
295 995 344 1033 ad
397 994 603 1033 consilium
654 994 784 1032 refert.
860 993 941 1030 Diu
987 1006 1112 1040 nemo,
1162 992 1257 1042 quid

65 1062 239 1109 sentiret,
271 1073 387 1098 ausus
417 1064 476 1097 est
505 1059 633 1097 dicere
662 1058 811 1096 incerta
839 1058 941 1108 regis
969 1057 1181 1096 voluntate.
1272 1070 1312 1093 20

433 1172 500 1200 42.
529 1169 557 1199 A
565 1167 754 1199 Zeaeander's
776 1167 882 1208 reply.

118 1249 296 1289 Tandem
327 1249 536 1288 Parmenio
567 1254 683 1287 antea
714 1249 880 1286 suasisse
910 1248 977 1295 ait,
1009 1253 1053 1286 ut
1084 1248 1258 1298 captivos

65 1315 171 1366 apud
208 1315 445 1352 Damascum
482 1313 768 1351 redimentibus
807 1312 1017 1351 redderet:
1057 1312 1258 1363 ingentem

65 1379 273 1431 pecuniam
310 1379 485 1429 potuisse
523 1378 650 1428 redigi
688 1392 737 1415 ex
774 1377 847 1424 his,
883 1377 950 1427 qui
988 1376 1103 1414 multi
1137 1376 1259 1414 vincti

65 1445 240 1483 virorum
260 1444 423 1482 fortium
443 1448 679 1493 occuparent
699 1456 849 1481 manus.
908 1442 960 1479 Et
980 1455 1084 1479 nunc
1104 1454 1261 1492 magno-

66 1524 157 1561 pere
178 1522 344 1556 censere,
367 1514 413 1546 ut
432 1521 552 1546 unam
573 1521 691 1545 anum
713 1513 752 1546 et
772 1507 868 1545 duas
892 1506 1053 1556 puellas,
1073 1506 1261 1544 itinerum

67 1574 347 1626 agminumque
399 1573 680 1623 inpedimenta,
721 1582 817 1610 XXX
864 1571 1022 1609 milibus
1066 1571 1261 1609 talentum
1299 1583 1314 1617 5

68 1639 152 1677 auri
195 1642 407 1689 permutet.
480 1637 666 1687 Opimum
710 1650 874 1687 regnum
919 1649 1107 1686 occupare
1149 1649 1262 1687 posse

69 1703 308 1750 condicione,
349 1715 428 1740 non
467 1702 580 1749 bello,
617 1715 688 1739 nec
726 1714 963 1751 quemquam
1002 1701 1121 1739 alium
1159 1701 1264 1739 inter

69 1768 216 1806 Istrum
243 1772 282 1806 et
308 1767 538 1817 Euphraten
564 1765 783 1816 possedisse
810 1772 933 1803 terras
959 1766 1111 1815 ingenti
1137 1766 1264 1815 spatio

69 1832 356 1882 intervalloque
386 1831 584 1869 discretas.
647 1829 923 1868 Macedoniam
951 1843 1106 1880 quoque
1135 1830 1265 1880 potius

70 1897 291 1948 respiceret,
313 1909 432 1946 quam
452 1895 594 1933 Bactra
614 1900 654 1933 et
674 1895 794 1933 Indos
815 1895 1046 1932 intueretur.
1106 1894 1267 1945 Ingrata
1284 1910 1321 1932 10

71 1962 197 2000 oratio
225 1961 307 2011 regi
336 1960 423 1998 fuit.
482 1960 633 2010 Itaque,
660 1964 704 1997 ut
731 1960 847 1997 finem
875 1958 1031 1996 dicendi
1059 1959 1160 2006 fecit,
1195 1959 1268 1997 ‘Et

72 2026 168 2077 ego‚'
205 2025 346 2076 inquit,
390 2024 619 2075 ‘pecuniam
665 2037 781 2074 quam
820 2023 984 2074 gloriam
1026 2023 1195 2071 mallem,
1236 2023 1269 2061 si
