1461 2255
166 157 209 187 22
538 156 824 189 SELECTIONS
851 157 983 189 FROM

167 251 270 299 vino,
315 265 391 302 quo
438 266 576 303 graves
623 258 708 291 orto
756 253 835 292 sole
882 253 1038 303 navigia
1084 251 1352 291 conscendunt

166 315 349 354 redimita
394 317 554 355 floribus
602 317 830 367 coronisque
847 333 853 356 :
902 317 999 355 adeo
1045 317 1231 355 victoriae
1273 329 1351 355 non

166 393 281 419 omen
301 380 429 430 modo,
452 381 521 419 sed
541 382 660 420 etiam
680 381 987 433 gratulationem
1007 385 1296 432 praeceperant.

409 556 474 584 24.
503 553 716 584 Des-truction
739 553 781 592 of
797 553 849 584 tlte
876 553 1008 593 Tyrian
1022 552 1111 593 fleet.

219 638 336 677 Forte
356 652 426 677 rex
447 639 606 677 classem
631 639 671 676 in
693 639 888 677 diversam
917 644 1069 690 partem
1098 640 1159 690 agi
1188 639 1354 678 iusserat

166 712 261 739 XXX
299 703 517 741 minoribus
546 703 714 753 navigiis
743 703 889 741 relictis
917 705 958 741 in
988 704 1126 742 litore:
1164 717 1184 742 e
1213 703 1354 754 quibus

166 766 274 816 Tyrii
305 766 459 805 duobus
489 767 613 817 captis
643 772 771 806 cetera
798 767 950 818 ingenti
980 772 1206 806 terruerunt
1233 773 1351 815 metu,

165 829 288 868 donec
326 844 484 869 suorum
527 831 694 869 clamore
737 831 872 870 audito
919 831 1146 870 Alexander
1192 832 1353 870 classem

134 894 281 943 5litori,
303 909 325 933 a
351 909 428 945 quo
456 896 636 934 fremitus
667 896 898 944 acciderant,
928 896 1112 935 admovit.
1171 889 1305 935 Prima
1333 909 1354 935 e

165 959 428 998 Macedonum
467 960 635 998 navibus
675 961 967 1011 quinqueremis
1005 961 1213 1000 velocitate
1249 961 1354 999 inter

166 1028 312 1062 ceteras
332 1024 508 1062 eminens
528 1025 707 1072 occurrit,
730 1038 848 1075 quam
868 1029 914 1063 ut
937 1038 1175 1076 conspexere
1198 1025 1350 1076 Tyriae,

165 1088 265 1127 duae
303 1101 352 1126 ex
389 1088 544 1127 diverso
582 1089 624 1126 in
662 1089 786 1127 latera
824 1090 905 1127 eius
947 1089 1125 1128 invectae
1168 1094 1271 1138 sunt,
1311 1089 1352 1128 in

165 1166 330 1203 quarum
349 1152 513 1191 alteram
533 1153 824 1203 quinqueremis
845 1153 1040 1192 concitata
1061 1153 1196 1193 eadem
1216 1154 1354 1204 etipsa

115 1233 152 1255 10
165 1222 290 1255 rostro
313 1217 391 1255 icta
418 1222 477 1255 est
505 1222 545 1255 et
573 1217 681 1255 illam
710 1217 879 1255 invicem
908 1218 1046 1256 tenuit.
1105 1218 1266 1269 Iamque
1296 1231 1350 1265 ea,

165 1295 263 1332 quae
292 1294 370 1320 non
400 1281 643 1329 cohaerebat,
671 1281 795 1320 libero
826 1282 978 1332 impetu
1010 1288 1145 1321 evecta
1177 1283 1218 1321 in
1247 1282 1353 1321 aliud

165 1345 458 1396 quinqueremis
487 1345 589 1384 latus
618 1346 903 1385 invehebatur:
947 1360 1033 1385 cum
1057 1348 1353 1398 opportunitate

165 1410 264 1447 mira
283 1409 456 1447 triremis
476 1423 496 1446 e
517 1409 636 1447 classe
663 1409 885 1448 Alexandri
912 1410 954 1448 in
983 1423 1068 1448 eam
1096 1411 1232 1461 ipsam,
1254 1424 1354 1461 quae

165 1473 436 1523 quinqueremi
451 1473 693 1521 imminebat,
708 1478 820 1511 tanta
832 1474 870 1511 vi
886 1474 1053 1525 impulsa
1069 1479 1138 1523 est,
1153 1481 1199 1513 ut
1211 1475 1354 1525 Tyrius

114 1537 404 1588 15gubernator
449 1537 491 1574 in
528 1550 634 1575 mare
673 1542 924 1576 excuteretur
961 1551 981 1577 e
1019 1539 1154 1590 puppi.
1217 1539 1353 1577 Plures

164 1600 306 1639 deinde
337 1601 600 1639 Macedonum
628 1615 748 1640 naves
777 1602 1072 1652 superveniunt,
1096 1608 1135 1641 et
1163 1616 1233 1641 rex
1261 1616 1353 1653 quo-

164 1678 239 1715 que
260 1665 413 1704 aderat:
442 1679 529 1704 cum
548 1665 658 1716 Tyrii
678 1666 902 1705 inhibentes
921 1667 1038 1705 remis
1058 1681 1171 1718 aegre
1187 1667 1353 1706 evellere

163 1743 314 1777 navem,
348 1743 445 1780 quae
474 1730 670 1777 haerebat,
702 1736 940 1781 portumque
969 1732 1100 1769 omnia
1136 1732 1252 1769 simul
1290 1745 1352 1770 na-

162 1794 268 1845 vigia
304 1799 499 1844 repetunt.
571 1794 788 1833 Confestim
826 1808 896 1833 rex
943 1795 1142 1833 insecutus
1194 1801 1352 1846 portum

110 1875 150 1897 20
164 1858 323 1908 quidem
360 1859 507 1897 intrare
544 1872 623 1897 non
662 1859 805 1909 potuit,
849 1872 936 1896 cum
983 1859 1118 1909 procul
1165 1873 1185 1898 e
1231 1860 1354 1898 muris

163 1923 376 1961 missilibus
415 1928 738 1969 summoveretur,
773 1936 892 1961 naves
930 1930 1063 1961 autem
1101 1937 1236 1962 omnes
1273 1925 1353 1963 fere

163 1992 232 2025 aut
251 1986 437 2025 demersit
457 1992 525 2025 aut
544 1986 657 2038 cepit.
