1461 2255
475 150 591 189 QUIN
598 151 686 183 TUS
711 151 927 183 CURTIUS.
1276 152 1296 184 5

110 246 440 285 medicamentum
453 247 634 294 diluerat,
649 247 825 285 intravit.
875 247 960 294 Quo
974 248 1058 285 viso
1074 248 1298 285 Alexander

109 311 239 350 levato
286 325 448 361 corpore
484 311 526 349 in
564 311 684 349 cubili
733 311 939 361 epistolam
978 325 1000 349 a
1038 312 1296 350 Parmenione

109 376 268 414 missam
288 376 448 414 sinistra
467 389 584 413 manu
602 380 739 413 tenens
756 375 897 426 accipit
912 375 1094 425 poculum
1112 381 1151 414 et
1166 375 1298 414 haurit
1334 393 1350 426 5

108 440 315 479 interritus
333 456 340 479 :
370 445 455 478 tum
476 439 682 490 epistolam
702 440 829 491 legere
849 440 1078 490 Philippum
1098 440 1208 478 iubet
1228 453 1298 478 nec

109 519 131 543 a
143 505 257 543 vultu
272 505 438 556 legentis
454 505 579 543 movit
592 504 732 552 oculos,
749 510 856 542 ratus
873 505 1022 554 aliquas
1039 505 1297 543 eonscientiae

109 574 221 608 notas
247 570 288 608 in
317 570 403 620 ipso
429 583 494 608 ore
525 583 639 620 posse
667 569 973 619 deprehendere.
1032 569 1104 608 Ille
1133 570 1299 620 epistola

110 635 282 684 perlecta
318 634 406 684 plus
443 633 731 684 indignationis
768 647 885 684 quam
928 634 1084 684 pavoris
1123 634 1298 672 ostendit

108 699 370 749 proiectisque
402 698 568 737 amiculo
596 703 634 736 et
666 698 810 736 litteris
840 703 932 736 ante
960 698 1131 737 lectum:
1165 700 1295 746 ‘Rex,'
1314 716 1351 738 10

107 763 250 814 inquit,
274 768 283 785 ‘
296 776 450 814 semper
469 763 628 814 quidem
656 763 817 813 spiritus
837 776 946 801 meus
967 776 1015 802 ex
1036 768 1074 802 te
1094 764 1294 815 pependit,

107 827 176 866 sed
209 841 312 866 nunc
341 841 442 876 vere,
466 828 646 874 arbitror,
678 841 786 866 sacro
816 833 855 866 et
886 828 1101 866 venerabili
1132 842 1197 867 ore
1226 833 1296 867 tuo

107 892 290 931 trahitur.
348 892 506 931 Crimen
528 892 736 942 parricidii,
760 892 865 942 quod
888 892 985 930 mihi
1006 893 1204 931 obiectum
1225 898 1294 939 est,

107 962 177 995 tua
201 956 306 995 salus
331 956 479 995 diluet:
511 962 688 995 servatus
714 970 736 995 a
759 970 820 995 me
851 957 975 995 vitam
1005 957 1102 995 mihi
1129 957 1293 996 dederis

108 1022 187 1060 Oro
223 1035 454 1072 quaesoque,
488 1021 631 1060 omisso
662 1026 771 1059 metu
803 1026 937 1071 patere
967 1021 1296 1060 medicamentum
1314 1036 1348 1069 15

107 1086 258 1137 concipi
289 1086 421 1125 venis:
454 1086 544 1124 laxa
569 1085 769 1136 paulisper
799 1086 984 1133 animum,
1016 1100 1132 1136 quem
1158 1087 1297 1125 intem-

108 1151 260 1201 pestIVa
289 1150 554 1189 sollicitudine
585 1150 699 1188 amici
733 1163 824 1188 sane
855 1150 1000 1198 fideles,
1034 1151 1102 1189 sed
1133 1151 1296 1190 moleste

107 1215 232 1253 seduli
263 1214 450 1253 turbant.'
507 1214 599 1252 Non
630 1227 810 1253 securum
840 1214 958 1253 modo
989 1215 1083 1253 haec
1110 1229 1198 1263 vox,
1228 1216 1296 1254 sed

108 1280 227 1318 etiam
264 1279 412 1318 laetum
450 1292 582 1330 regem
621 1293 663 1317 ac
701 1279 861 1329 plenum
899 1279 1023 1318 bonae
1070 1280 1152 1330 spei
1190 1280 1293 1318 fecit.

108 1344 273 1395 Itaque:
307 1343 370 1382 ‘Si
401 1343 467 1392 di,'
498 1344 638 1394 inquit,
677 1343 891 1394 ‘Philippa
914 1344 986 1382 tibi
1012 1344 1291 1394 permisissent,
1310 1359 1350 1382 20

107 1422 185 1460 quo
222 1409 392 1446 maxime
427 1408 542 1447 modo
576 1407 707 1455 velles,
744 1409 918 1446 animum
949 1409 1117 1459 experiri
1150 1423 1293 1457 meum,

107 1473 184 1512 alio
203 1473 378 1524 profecto
398 1473 598 1520 voluisses,
616 1472 684 1511 sed
705 1473 878 1519 certiore,
898 1486 1015 1523 quam
1036 1478 1222 1524 expertus
1243 1488 1292 1521 es,

107 1552 155 1576 ne
193 1542 368 1589 optasses
406 1537 574 1588 quidem.
635 1537 719 1575 Hac
758 1537 923 1587 epistola
955 1543 1113 1588 accepta
1150 1543 1292 1586 tamen,

108 1603 214 1654 quod
234 1602 414 1649 dilueras,
436 1602 519 1640 bibi
536 1617 543 1640 :
571 1606 610 1640 et
629 1615 732 1640 nunc
762 1602 875 1640 crede
896 1615 957 1640 me
977 1616 1056 1640 non
1077 1603 1205 1641 minus
1226 1617 1295 1653 pro

108 1672 177 1705 tua
195 1667 272 1706 fide
292 1680 410 1717 quam
436 1680 506 1716 pro
526 1679 613 1704 mea
636 1666 761 1704 salute
788 1680 869 1704 esse
896 1666 1131 1705 sollicitum.'
1188 1668 1295 1706 Haec
1310 1680 1349 1713 25

108 1732 282 1770 elocutus
302 1731 484 1770 dextram
505 1731 687 1781 Philippo
709 1731 830 1769 offert.

488 1856 522 1883 6.
548 1851 748 1883 Alexander
763 1862 919 1883 reconem.

163 1928 347 1967 Ceterum
367 1932 478 1966 tanta
501 1928 556 1966 vis
577 1927 850 1966 medicamenti
872 1928 958 1974 fuit,
975 1933 1029 1974 ut,
1048 1941 1145 1978 quae
1166 1932 1296 1966 secuta

109 1998 212 2041 sunt,
241 1993 555 2031 criminationem
578 1993 850 2031 Parmenionis
878 1992 1114 2031 adiuverint.
1172 1993 1297 2031 Inter-
