1461 2255
158 166 196 198 16
529 167 814 200 SELECTIONS
843 168 969 200 FROM

153 262 233 300 eius
254 276 414 301 accensa
433 264 599 314 remiges
619 264 811 302 desiluere
831 264 871 302 in
892 265 1065 314 scaphas,
1083 278 1181 315 quae
1201 264 1251 303 ad
1270 264 1343 303 hoc

151 327 280 376 ipsum
314 333 565 378 praeparatae
600 329 873 378 sequebantur.
933 328 1057 366 Navis
1090 333 1222 366 autem
1252 328 1342 379 igne

151 396 337 442 concepto
358 392 475 430 latius
496 392 659 431 fundere
680 393 904 431 incendium
926 392 1064 443 coepit,
1083 392 1199 443 quod,
1221 392 1342 443 prius-

150 469 267 506 quam
288 462 421 507 posset
447 457 607 503 occurri,
629 463 757 495 turres
784 462 824 495 et
850 462 978 495 cetera
1005 470 1121 506 opera
1147 457 1187 494 in
1214 457 1340 507 capite

99 538 137 560 10
150 521 263 559 molis
300 521 428 571 posita
467 521 759 572 conprehendit.
830 523 887 559 At
924 522 992 572 qui
1026 521 1267 560 desiluerant
1298 521 1339 560 in

148 599 270 636 parva
297 586 465 636 navigia,
493 587 593 625 faces
620 591 669 634 et,
699 586 894 636 quidquid
923 585 1064 624 alendo
1092 585 1174 636 igni
1202 590 1338 636 aptum

148 655 241 697 erat,
273 650 313 687 in
345 650 482 689 eadem
515 664 633 701 opera
662 651 854 701 ingerunt.
915 650 1077 700 Iamque
1110 663 1189 688 non
1222 650 1339 689 modo

147 714 248 752 imae
276 714 541 753 Macedonum
571 720 708 762 turres
737 715 806 753 sed
835 715 953 753 etiam
984 728 1134 753 summa
1163 715 1340 753 tabulata

147 784 406 829 conceperant
443 772 586 830 ignem,
622 792 710 817 cum
748 779 785 827 ii,
823 779 890 829 qui
927 779 968 817 in
1006 779 1180 817 turribus
1213 785 1336 827 erant,

95 857 131 890 15
146 843 290 893 partim
310 843 565 882 haurirentur
589 843 782 890 incendio,
803 843 947 893 partim
974 843 1091 881 armis
1117 844 1270 882 omissis
1296 844 1337 882 in

144 920 250 945 mare
285 913 408 946 semet
440 908 514 958 ipsi
548 908 806 946 immitterent.
864 908 921 945 At
954 908 1074 958 Tyrii,
1106 908 1173 958 qui
1202 901 1337 958 capere

144 985 209 1010 eos
235 966 596 1023 quaminterficere
621 973 795 1020 mallent,
818 972 1040 1010 natantium
1066 986 1204 1011 manus
1230 973 1337 1023 stipi-

143 1037 250 1075 tibus
294 1038 477 1088 saxisque
521 1038 755 1083 lacerabant,
792 1037 915 1076 donec
953 1036 1149 1076 debilitati
1187 1037 1335 1088 inpune

143 1101 310 1152 navigiis
344 1102 472 1152 excipi
506 1107 674 1153 possent.
733 1102 817 1140 Nec
850 1101 1032 1140 incendio
1062 1101 1187 1140 solum
1219 1115 1335 1152 opera

88 1180 129 1203 20
142 1171 385 1216 consumpta,
414 1166 483 1205 sed
512 1167 613 1205 forte
643 1166 780 1204 eodem
809 1166 872 1204 die
896 1165 1167 1204 vehementior
1192 1171 1334 1204 ventus

141 1235 293 1269 motum
313 1245 362 1268 ex
382 1231 578 1281 profundo
599 1244 705 1269 mare
724 1231 849 1268 inlisit
874 1230 915 1268 in
935 1230 1088 1278 molem,
1111 1230 1332 1281 crebrisque

140 1295 325 1333 fluctibus
372 1309 564 1346 conpages
614 1296 741 1346 operis
788 1295 1015 1333 verberatae
1063 1295 1245 1333 laxavere
1292 1308 1332 1334 se

140 1373 312 1410 saxaque
343 1360 573 1398 interfluens
604 1360 710 1398 unda
743 1360 916 1398 medium
943 1372 1040 1409 opus
1066 1359 1182 1410 rupit.
1240 1359 1332 1398 Pro-

139 1424 238 1462 rutis
275 1424 398 1475 igitur
437 1424 614 1474 lapidum
652 1424 827 1471 cumulis,
868 1424 1009 1474 quibus
1047 1423 1190 1462 iniecta
1226 1429 1332 1462 terra

85 1500 125 1534 25
139 1489 418 1536 sustinebatur,
447 1502 630 1539 praeceps
661 1489 700 1526 in
729 1489 966 1538 profundum
997 1488 1087 1535 ruit,
1119 1493 1330 1538 tantaeque

138 1553 252 1590 molis
298 1554 367 1591 vix
422 1553 503 1592 ulla
553 1553 719 1604 vestigia
774 1553 927 1591 invenit
973 1553 1120 1591 Arabia
1175 1553 1329 1591 rediens

138 1617 377 1655 Alexander.

471 1742 532 1769 18.
560 1737 758 1769 Alexander
781 1737 860 1769 tries
883 1737 995 1776 asluin.

189 1813 276 1861 Hic,
312 1814 418 1864 quod
455 1814 497 1851 in
535 1814 708 1852 adversis
742 1815 858 1852 rebus
892 1814 991 1852 solet
1024 1813 1118 1862 fieri,
1154 1813 1253 1852 alius
1285 1814 1326 1853 in

135 1878 255 1916 alium
270 1878 424 1929 culpam
440 1878 671 1926 referebant,
691 1891 779 1916 cum
799 1891 933 1916 omnes
950 1879 1078 1916 verius
1099 1878 1147 1917 de
1163 1879 1327 1926 saevitia

133 1943 251 1981 maris
271 1943 381 1993 queri
402 1948 571 1993 possent.
623 1943 710 1981 Rex
730 1943 822 1981 novi
843 1943 970 1993 operis
991 1942 1134 1981 molem
1154 1955 1264 1980 orsus
1283 1943 1325 1981 in

104 2028 106 2030 v
132 2006 340 2045 adversum
361 2011 524 2045 ventum
544 2020 621 2045 non
641 2006 774 2054 latere,
793 2006 861 2045 sed
881 2012 986 2045 recta
1006 2007 1135 2045 fronte
1155 2006 1324 2046 direxit:
