1461 2255
442 182 655 222 QUINTUS
682 183 900 216 CURTIUS.
1228 183 1270 216 43

77 286 304 320 numeratus
325 286 406 320 est:
433 281 578 331 quippe
604 280 825 330 Euphrates
846 279 969 318 altum
989 279 1128 317 limum
1148 279 1266 326 vehit,
1288 296 1325 317 10

77 359 154 396 quo
202 346 360 397 penitus
407 345 457 383 ad
501 345 760 383 fundamenta
803 344 981 383 iacienda
1025 351 1158 395 egesto
1202 345 1270 382 vix

77 411 269 449 sufficiens
308 411 415 461 operi
458 411 570 448 firmo
609 414 867 460 reppererunt
904 409 1058 447 solum:
1101 409 1270 447 harenae

75 480 207 513 autem
227 475 394 514 subinde
420 475 640 513 cumulatae
667 480 706 513 et
732 475 847 522 saxis,
870 475 958 525 quis
983 488 1081 524 pons
1109 474 1272 512 sustine-

75 545 151 586 tur,
184 540 360 579 adnexae
388 546 592 579 morantur
621 553 786 587 amnem,
819 540 887 590 qui
920 544 1098 578 retentus
1132 539 1268 585 acrius,

76 617 194 654 quam
241 605 273 643 si
320 605 443 643 libero
490 618 604 643 cursu
652 610 811 650 mearet,
862 604 1055 643 inliditur.
1127 604 1269 642 Arcem
1289 615 1323 648 15

75 682 229 720 quoque
259 670 411 708 ambitu
440 680 502 707 XX
531 669 658 708 stadia
691 669 923 720 conplexam
952 669 1111 708 habent.
1175 680 1270 707 XXX

75 733 192 783 pedes
225 733 266 771 in
300 739 445 772 terram
478 734 647 772 turrium
676 734 936 772 fundamenta
966 734 1134 772 demissa
1164 740 1268 782 sunt,

75 798 125 836 ad
145 808 266 836 LXXX
287 812 481 837 summum
504 799 740 837 munimenti
760 799 964 849 fastigium
984 799 1174 848 pervenit.

408 965 475 991 48.
510 934 752 1000 The'hangyz'ny
774 960 930 1000 [sardens.

133 1057 255 1103 Super
292 1066 431 1098 arcem,
466 1052 671 1103 vulgatum
710 1052 949 1091 Graecorum
982 1052 1124 1090 fabulis
1158 1052 1268 1089 mira-

75 1116 217 1162 culum,
247 1116 416 1167 pensiles
447 1116 553 1155 horti
587 1121 690 1164 sunt,
723 1130 914 1154 summam
948 1129 1151 1154 murorum
1184 1116 1267 1154 alti-

74 1181 255 1219 tudinem
284 1187 499 1232 aequantes
528 1181 820 1231 multarumque
849 1181 1034 1219 arborum
1064 1181 1203 1219 umbra
1229 1186 1269 1219 et

73 1246 307 1296 proceritate
341 1246 506 1284 amoeni.
577 1246 681 1284 Saxo
718 1246 830 1296 pilae,
868 1259 967 1296 quae
1006 1251 1136 1284 totum
1170 1259 1268 1283 onus
1304 1258 1321 1291 5

74 1310 282 1357 sustinent,
304 1310 518 1348 instructae
539 1316 644 1357 sunt,
667 1324 782 1361 super
802 1310 900 1361 pilas
924 1310 1055 1361 lapide
1076 1310 1268 1360 quadrato

74 1374 199 1413 solum
221 1380 389 1412 stratum
410 1381 468 1413 est
484 1375 639 1425 patiens
659 1380 797 1423 terrae,
815 1389 931 1424 quam
948 1375 1067 1413 altam
1088 1375 1265 1422 iniciunt,

74 1444 114 1477 ct
132 1439 319 1486 humoris,
338 1453 415 1490 quo
435 1439 566 1490 rigant
582 1445 723 1478 terras:
750 1439 926 1490 adeoque
942 1440 1091 1478 validas
1112 1441 1268 1478 arbores

75 1504 272 1542 sustinent
308 1504 441 1551 moles,
482 1510 527 1542 ut
564 1505 718 1554 stipites
757 1518 891 1543 earum
929 1515 1009 1542 VIII
1047 1505 1268 1543 cubitorum

73 1569 244 1619 spatium
264 1568 523 1606 crassitudine
543 1574 724 1619 aequent,
746 1569 784 1606 in
808 1579 831 1606 L
852 1569 993 1619 pedum
1015 1569 1268 1607 altitudinem
1287 1582 1324 1604 10

74 1634 272 1672 emineant
298 1633 584 1684 frugiferaeque
604 1634 694 1681 sint,
717 1639 762 1671 ut
788 1633 819 1671 si
845 1639 950 1671 terra
970 1647 1038 1671 sua
1058 1633 1266 1672 alerentur.

74 1699 125 1737 Et
158 1712 247 1736 cum
276 1703 451 1736 vetustas
485 1712 565 1736 non
599 1711 716 1748 opera
745 1698 870 1736 solum
904 1711 1023 1736 manu
1057 1698 1169 1744 facta,
1201 1698 1269 1737 sed

74 1763 193 1801 etiam
230 1763 355 1813 ipsam
392 1768 575 1801 naturam
617 1763 807 1813 paulatim
846 1762 1051 1801 exedendo
1090 1762 1266 1812 perimat,

74 1827 168 1866 haec
205 1827 337 1875 moles5
378 1840 477 1878 quae
516 1833 576 1865 tot
614 1828 798 1866 arborum
836 1827 1033 1865 radicibus
1078 1828 1270 1877 premitur

75 1892 256 1942 tantique
307 1892 476 1931 nemoris
526 1892 699 1942 pondere
753 1897 913 1931 onerata
961 1897 1029 1939 est,
1080 1892 1270 1930 inviolata
1287 1901 1322 1935 15

74 1956 202 2002 durat,
240 1956 385 2007 quippe
423 1966 485 1994 XX
516 1957 628 2006 pedes
663 1957 733 1994 lati
771 1957 940 2006 parietes
979 1956 1186 2002 sustinent,
1221 1967 1269 1994 XI

74 2021 219 2071 pedum
266 2021 473 2060 intervallo
520 2021 723 2069 distantes,
773 2027 818 2059 ut
867 2021 1003 2072 procul
1050 2021 1268 2060 visentibus
