1461 2255
470 174 682 212 QUINTUS
707 175 924 207 OURTIUS.
1258 178 1293 207 11

106 270 276 321 possim!
314 271 386 309 hae
419 284 559 309 manus
593 272 777 310 suffecere
811 271 1006 309 desiderio
1040 285 1150 309 nico:
1197 272 1296 309 nihil

107 335 269 374 habenti
298 335 397 373 nihil
426 334 577 374 defuit.⁷
637 335 807 386 Magnae
841 335 985 373 indolis
1019 336 1215 385 specimen
1249 350 1297 374 ex

106 399 180 438 hoc
200 413 376 439 sermone
396 399 666 449 Abdalonymi
683 400 795 450 cepit.
846 400 986 450 Itaque
1002 413 1081 438 non
1102 400 1297 438 Stratonis

107 463 224 502 modo
244 465 391 515 regiam
411 464 694 514 supellectilem
720 464 884 502 attribui
914 464 948 502 ei
978 464 1101 511 iussit,
1125 464 1193 502 sed
1222 465 1298 514 ple·
1316 476 1349 508 15

107 542 227 579 raque
247 529 367 567 etiam
387 543 435 567 ex
454 529 612 567 Persica
631 529 788 579 praeda,
810 529 1010 579 regionem
1035 542 1189 579 quoquc
1210 530 1298 568 urbi

107 593 328 644 adpositam
348 594 493 632 dicioni
514 594 597 632 eius
618 594 770 632 adiecit.

140 719 200 747 12.
233 715 300 747 The
320 715 469 756 Tyrians
484 715 609 747 decline
626 720 657 746 to
673 715 782 746 admit
797 714 996 746 Alexander
1012 715 1080 746 into
1097 714 1182 745 their
1198 715 1273 755 city.

160 785 244 823 Iam
265 790 349 823 tota
370 785 494 836 Syria,
518 786 595 824 iam
616 785 811 824 Phoenice
832 799 987 836 quoque
1008 791 1171 836 excepta
1192 786 1299 836 Tyro

107 850 369 889 Macedonum
390 855 484 897 erat,
502 850 750 900 habebatque
771 863 840 888 rex
862 855 987 888 castra
1006 851 1047 888 in
1068 851 1297 897 continenti,

107 928 129 952 a
163 928 240 965 qua
273 915 410 953 urbem
445 920 656 965 angustum
689 915 834 952 fretum
869 915 1030 953 dirimit.
1093 915 1230 965 Tyros,
1261 919 1301 952 et

108 979 379 1030 magnitudine
417 984 457 1017 et
496 979 673 1018 claritate
712 984 802 1018 ante
842 993 975 1018 omnes
1014 980 1129 1018 urbes
1164 980 1299 1030 Syriae

108 1043 401 1094 Phoenicesque
430 1044 706 1092 memorabilis,
738 1044 891 1082 facilius
920 1044 1147 1082 societatem
1184 1044 1300 1082 Alex·
1336 1064 1352 1098 5

108 1108 221 1148 andri
241 1114 446 1159 acceptura
465 1109 685 1156 videbatur,
700 1123 817 1159 quam
838 1109 1056 1159 imperium.
1106 1109 1299 1147 Coronam

108 1174 229 1226 igitur
248 1187 407 1212 auream
427 1173 574 1212 donum
593 1174 714 1225 legati
734 1174 966 1212 adferebant
982 1179 1299 1224 commeatusque

108 1238 213 1289 large
253 1243 292 1277 et
330 1238 579 1289 hospitaliter
619 1252 667 1277 ex
715 1238 861 1290 oppido
909 1239 1161 1277 advexerant.
1227 1239 1299 1278 Ille

108 1302 211 1342 dona
243 1308 289 1341 ut
322 1304 371 1342 ab
405 1303 538 1342 amicis
573 1304 695 1354 accipi
728 1304 843 1341 iussit
876 1303 1122 1354 benigneque
1151 1303 1299 1354 legatos

107 1367 313 1406 adlocutus
352 1367 528 1416 Herculi,
565 1382 681 1418 quem
720 1368 927 1418 praecipue
965 1368 1075 1418 Tyrii
1114 1368 1296 1415 colerent,
1317 1387 1354 1410 10

108 1432 324 1471 sacrificare
345 1433 444 1471 velle
464 1446 504 1471 se
534 1433 664 1474 dixit:
699 1432 962 1471 Macedonum
992 1446 1101 1483 reges
1130 1432 1296 1479 credere,

108 1497 157 1536 ab
177 1497 244 1536 illo
265 1497 339 1536 deo
358 1497 465 1548 ipsos
485 1511 608 1548 genus
634 1497 787 1544 ducere,
810 1511 849 1536 se
873 1511 976 1543 vero,
999 1503 1044 1535 ut
1072 1497 1113 1535 id
1142 1498 1297 1544 faceret,

109 1562 227 1601 etiam
265 1562 420 1601 oraculo
467 1562 673 1601 monitum.
739 1562 879 1613 Legati
926 1562 1176 1613 respondent,
1217 1576 1299 1601 esse

109 1626 301 1678 templum
340 1627 522 1665 Herculis
561 1632 674 1665 extra
711 1627 846 1666 urbem
885 1628 926 1665 in
965 1640 1009 1665 ea
1046 1627 1148 1675 sede,
1181 1641 1299 1677 quam

108 1691 348 1742 Palaetyron
382 1692 457 1742 ipsi
490 1697 656 1731 vocent:
694 1692 748 1730 ibi
782 1705 914 1742 regem
942 1691 1015 1730 deo
1045 1705 1196 1730 sacrum
1225 1692 1298 1730 rite
1317 1707 1353 1741 15

107 1756 313 1795 facturum.
372 1756 463 1794 Non
483 1757 612 1794 tenuit
631 1756 741 1804 iram,
764 1756 874 1794 cuius
895 1756 1039 1806 alioqui
1060 1762 1200 1806 potens
1220 1769 1299 1795 non

109 1826 202 1860 erat.
252 1821 402 1871 Itaque,
425 1821 526 1859 ‘Vos
547 1821 730 1871 quidem,⁷
748 1821 889 1871 inquit,
911 1821 1073 1859 ‘fiducia
1092 1821 1176 1869 loci,
1195 1821 1300 1871 quod

108 1885 277 1924 insulam
296 1885 477 1934 incolitis,
493 1886 715 1936 pedestrem
736 1885 839 1923 hunc
860 1885 1075 1923 exercitum
1096 1886 1299 1936 spernitis:

109 1950 177 1989 sed
196 1950 307 1989 brevi
327 1950 532 1988 ostendam
561 1950 602 1988 in
632 1950 851 1988 continenti
880 1963 949 1987 vos
979 1963 1069 1988 esse.
1130 1950 1299 1988 Proinde

108 2014 239 2053 sciatis
272 2014 375 2064 licet,
411 2019 480 2053 aut
513 2015 753 2052 intraturum
787 2027 849 2052 me
883 2014 1022 2052 urbem
1054 2019 1123 2052 aut
1156 2027 1300 2065 oppug-
1313 2029 1355 2052 20
