1461 2255
153 146 195 177 28
525 145 810 178 SELECTIONS
839 146 969 178 FROM

154 240 334 279 dextram
355 242 546 280 translato
567 242 756 280 cervicem
776 242 944 292 adpetiit
963 242 1088 293 regis:
1112 243 1179 293 qui
1200 242 1341 294 exigua

101 318 139 353 15
154 307 325 356 corporis
353 305 615 344 declinatione
645 307 793 344 evitato
822 307 904 344 ictu
937 306 978 344 in
1007 320 1152 345 vanum
1180 320 1341 345 manum

154 370 307 408 barbari
335 370 484 420 lapsam
514 375 694 420 amputat
726 370 867 421 gladio,
899 370 1130 409 denuntiato
1160 372 1201 409 in
1230 371 1342 409 illum

153 434 259 472 diem
285 435 467 484 periculo,
490 439 535 472 ut
560 434 825 472 arbitrabatur
854 435 946 485 ipse,
973 435 1190 474 defunctus.
1250 435 1339 481 Sed,

153 504 198 536 ut
224 499 373 548 opinor,
404 499 632 537 inevitabile
666 504 725 537 est
756 499 906 538 fatum:
941 501 1084 550 quippe
1114 503 1209 538 dum
1238 500 1343 538 inter

153 562 342 612 primores
369 563 589 613 promptius
618 563 788 610 dimicat,
820 564 964 615 sagitta
993 565 1093 602 ictus
1122 570 1192 611 est,
1223 578 1341 615 quam

98 641 140 663 20
153 640 222 676 per
256 626 416 664 loricam
454 627 642 675 adactam,
679 632 850 666 stantem
887 628 929 666 in
966 628 1129 668 humero
1166 629 1341 668 medicus

153 691 234 729 eius
280 691 488 741 Philippus
534 692 677 730 evellit.
749 692 949 731 Plurimus
995 693 1137 732 deinde
1184 695 1342 746 sanguis

152 769 310 794 manare
355 757 483 806 coepit
527 757 708 794 omnibus
752 757 911 804 territis,
958 759 1050 808 quia
1092 772 1184 805 non,
1223 772 1342 809 quam

151 820 229 859 alte
262 825 506 871 penetrasset
538 821 671 869 telum,
703 821 821 860 lorica
852 823 1034 861 obstante
1065 830 1337 874 cognoverant.

152 885 241 934 Ipse
277 898 326 923 ne
365 885 441 923 oris
479 885 636 935 quidem
676 886 802 924 colore
841 892 992 926 mutato
1030 889 1222 939 supprimi
1258 902 1342 927 san-

96 960 136 995 25
152 950 311 1000 guinem
349 955 388 988 et
425 950 566 988 vulnus
611 950 775 1001 obligari
819 951 943 990 iussit.
1012 951 1090 989 Diu
1128 956 1218 990 ante
1256 951 1342 1002 ipsa

151 1014 263 1065 signa
299 1014 362 1053 vel
400 1014 645 1053 dissimulato
684 1015 747 1053 vel
785 1016 890 1054 vieto
928 1015 1061 1054 dolore
1099 1016 1339 1066 perstiterat,

152 1092 240 1116 cum
278 1092 506 1129 suppressus
550 1080 666 1130 paulo
705 1085 796 1118 ante
840 1081 997 1131 sanguis
1041 1080 1338 1128 medicamento,

151 1157 227 1194 quo
261 1149 438 1182 retentus
467 1149 561 1191 erat,
590 1157 748 1182 manare
776 1144 921 1195 largius
950 1145 1088 1195 coepit,
1117 1149 1157 1183 et
1185 1144 1338 1192 vulnus,

150 1208 256 1259 quod
294 1214 432 1260 tepens
470 1208 596 1247 adhuc
629 1208 804 1247 dolorem
837 1222 916 1247 non
949 1214 1136 1255 moverat,
1171 1209 1340 1260 frigente

95 1282 137 1314 30
150 1274 337 1324 sanguine
358 1274 556 1312 intumuit.
616 1273 762 1324 Linqui
786 1273 928 1312 deinde
949 1274 1079 1312 animo
1100 1279 1139 1312 et
1159 1274 1342 1312 submitti

148 1351 251 1388 genu
297 1339 450 1388 coepit:
499 1352 615 1388 quem
660 1338 831 1388 proximi
877 1343 1085 1388 exceptum
1132 1339 1173 1376 in
1215 1344 1342 1376 castra

148 1407 388 1452 receperunt.
446 1403 498 1440 Et
522 1402 632 1441 Betis
658 1403 910 1441 interfectum
934 1408 1041 1441 ratus
1062 1403 1197 1441 urbem
1219 1416 1340 1441 ovans

148 1467 312 1506 victoria
333 1468 487 1518 repetit.

420 1591 484 1619 82.
512 1587 710 1618 Alexander
734 1586 878 1618 imitate-s·
901 1587 1060 1620 Achille-3.

201 1664 279 1703 Sed
313 1678 401 1702 cum
434 1664 609 1714 undique
645 1663 734 1702 telis
767 1669 979 1713 peteretur,
1013 1663 1063 1701 ad
1099 1667 1340 1712 postremum

147 1728 348 1767 exhaustis
362 1729 509 1766 viribus
522 1728 636 1766 vivus
649 1728 690 1765 in
704 1732 940 1777 potestatem
954 1727 1129 1765 hostium
1145 1727 1336 1777 pervenit.

148 1794 234 1842 Quo
272 1793 442 1832 adducto
479 1792 665 1831 insolenti
703 1791 847 1842 gaudio
881 1791 1034 1829 iuvenis
1072 1791 1208 1838 elatus,
1243 1791 1339 1829 alias

146 1860 306 1897 virtutis
336 1859 455 1897 etiam
488 1859 529 1896 in
568 1858 682 1896 hoste
710 1857 883 1904 mirator,
922 1856 1047 1903 ‘Non‚
1079 1862 1125 1894 ut
1154 1855 1339 1902 voluisti‚'

114 1924 285 1974 sinquit‚
320 1923 527 1969 ‘morieris‚
554 1922 623 1960 sed
652 1921 845 1972 quidquid
874 1921 915 1958 in
942 1921 1143 1971 captivum
1169 1920 1339 1959 inveniri

145 1994 288 2037 potest,
316 2001 521 2037 passurum
547 2000 629 2026 esse
658 1991 698 2025 te
727 1985 878 2036 cogita.'
944 1985 1016 2024 Ille
1045 1999 1124 2024 non
1153 1986 1338 2024 interrito
