1461 2255
173 175 214 207 34
543 174 828 207 SELECTIONS
861 174 991 205 FROM

174 270 358 309 Ceterum
380 271 505 309 omnis
535 270 697 321 periculi
719 276 758 308 et
778 270 949 308 maxime
978 269 1246 307 multitudinis
1275 282 1361 308 con-

141 340 346 385 Stemptor
383 335 600 373 undecimis
639 335 774 373 castris
812 335 861 372 ad
896 334 1124 384 Euphraten
1158 334 1360 384 pervenit:

173 412 249 449 quo
280 400 467 449 pontibus
498 399 632 437 iuncto
664 399 815 449 equites
846 400 993 449 primos
1024 399 1090 446 ire,
1126 398 1360 450 phalangem

173 464 282 513 sequi
317 463 437 511 iubet,
474 464 645 510 Mazaeo,
683 464 750 513 qui
777 463 827 501 ad
858 463 1119 501 inhibendum
1150 464 1359 501 transitum

173 528 255 566 eius
286 541 374 566 cum
408 541 477 565 sex
504 528 662 565 milibus
690 528 867 577 equitum
898 532 1130 572 occurrerat,
1160 541 1238 565 non
1268 541 1362 566 auso

172 592 388 642 periculum
409 592 468 629 sui
489 592 623 630 facere.
682 591 821 629 Paucis
845 591 987 630 deinde
1008 605 1086 629 non
1108 591 1156 630 ad
1177 592 1359 642 quietem,

122 671 159 693 10
173 657 241 695 sed
257 657 305 694 ad
326 656 615 707 praeparandos
631 656 782 694 animos
798 656 936 694 diebus
952 656 1054 694 datis
1071 656 1188 694 militi
1204 661 1362 695 strenue

172 721 325 759 hostem
345 721 498 771 insequi
519 721 658 771 coepit,
682 726 873 764 metuens,
896 734 943 758 ne
964 721 1153 759 interiora
1172 722 1282 772 regni
1302 722 1361 760 sui

172 792 323 836 peteret
352 786 652 836 sequendusque
682 791 783 823 esset
813 800 880 836 per
906 786 989 824 loca
1013 787 1119 824 omni
1147 787 1362 826 solitudine

172 856 290 900 atque
318 850 451 900 inopia
477 856 595 888 vasta.
657 850 783 900 Igitur
804 855 943 900 quarto
963 850 1026 889 die
1046 856 1200 901 praeter
1229 853 1364 891 Arme-

172 915 278 952 niam
312 920 494 965 penetrat
528 915 576 952 ad
607 915 753 966 Tigrin.
813 916 913 953 Tota
942 916 1049 966 regio
1080 916 1182 954 ultra
1207 930 1362 955 amnem

122 980 319 1023 :srecenti
358 979 535 1017 fumabat
572 979 786 1018 incendio:
825 981 969 1030 quippe
1012 980 1208 1029 Mazaeus,
1248 995 1362 1032 quae—
1418 1003 1420 1005 ·

173 1058 337 1094 cumque
367 1044 528 1090 adierat,
551 1044 657 1082 haud
677 1057 786 1082 secus
807 1058 924 1094 quam
950 1045 1075 1083 hostis
1096 1046 1244 1084 urebat.
1303 1047 1362 1085 Ac

172 1109 298 1159 primo
337 1108 511 1159 caligine,
548 1122 665 1158 quam
710 1109 841 1146 fumus
889 1109 1088 1157 effuderat,
1130 1111 1362 1150 obscurante

172 1173 296 1211 lucem
328 1172 560 1210 insidiarum
589 1177 698 1211 metu
725 1173 926 1212 substitit:
955 1173 1096 1212 deinde
1123 1180 1168 1212 ut
1193 1176 1363 1226 specula-

173 1242 278 1275 tores
320 1238 522 1287 praemissi
570 1242 658 1275 tuta
704 1238 836 1276 omnia
882 1239 1179 1286 nuntiaverunt,
1219 1254 1362 1290 paucos

119 1317 160 1338 20
173 1302 350 1352 equitum
376 1301 425 1339 ad
452 1302 729 1352 temptandum
760 1302 905 1340 vadum
936 1303 1109 1342 fluminis
1136 1306 1361 1354 praemisit:

172 1367 282 1405 cuius
315 1366 488 1405 altitudo
517 1367 643 1417 primo
669 1380 821 1405 summa
846 1381 1035 1417 equorum
1060 1373 1227 1418 pectora,
1255 1383 1360 1419 mox,

172 1437 217 1469 ut
249 1432 290 1468 in
323 1430 498 1469 medium
528 1431 682 1469 alveum
714 1437 877 1469 ventum
907 1437 976 1479 est,
1008 1433 1177 1471 cervices
1206 1447 1361 1485 quoque

172 1496 374 1546 aequabat.
434 1495 516 1533 Nec
548 1509 639 1534 sane
671 1496 769 1534 alius
801 1496 851 1534 ad
886 1496 1058 1535 Orientis
1091 1498 1246 1548 plagam
1279 1504 1360 1538 tam

171 1560 368 1598 violentus
395 1560 606 1607 invehitur,
633 1560 848 1599 multorum
874 1562 1112 1600 torrentium
1138 1577 1217 1601 non
1240 1577 1361 1615 aquas

118 1635 156 1668 25
172 1625 310 1671 solum,
350 1624 417 1662 sed
457 1625 575 1662 etiam
613 1638 706 1662 saxa
745 1639 875 1663 secum
913 1626 1083 1665 trahens.
1161 1628 1300 1679 Itaque
1339 1644 1361 1669 a

171 1689 383 1735 celeritate,
405 1703 481 1739 qua
507 1689 654 1736 defluit,
679 1689 787 1740 Tigri
814 1703 957 1728 nomen
981 1696 1040 1729 est
1063 1691 1245 1740 inditum,
1269 1695 1361 1745 quia

171 1754 327 1792 Persica
346 1754 481 1804 lingua
501 1754 621 1804 tigrin
641 1754 823 1804 sagittam
845 1755 1053 1805 appellant.

421 1875 484 1901 ³9.
513 1870 708 1910 Diffic‘ztltics
726 1870 760 1901 z'n
777 1870 923 1910 orossius]
940 1871 989 1901 the
1007 1871 1104 1902 river.

224 1947 351 1998 Igitur
383 1947 500 1996 pedes
539 1946 647 1984 velut
680 1946 828 1984 divisus
863 1947 903 1984 in
941 1961 1086 1985 cornua
1118 1948 1358 1989 circumdato

170 2013 360 2063 equitatu,
396 2010 537 2049 levatis
570 2023 685 2060 super
717 2011 844 2060 capita
877 2011 1004 2058 armis
1032 2012 1137 2050 haud
1169 2026 1282 2064 aegre
1307 2014 1357 2053 ad
