1461 2255
451 160 663 198 QUINTUS
688 160 903 193 CURTIUS.
1233 164 1276 197 27

86 256 386 304 munimentum,
423 256 491 295 sed
530 270 579 294 ne
616 256 658 295 id
696 257 858 307 quidem
896 262 1023 295 turres
1061 258 1190 308 aggeri
1223 258 1277 295 in-

86 320 233 371 positas
276 325 433 370 poterat
470 334 647 371 aequare.
710 321 850 371 Itaque
894 321 1084 360 interiora
1122 335 1277 372 quoque

86 384 192 423 urbis
225 384 369 423 infesta
401 385 490 423 telis
524 390 648 424 erant.
711 385 866 424 Ultima
902 386 1024 436 pestis
1061 386 1168 424 urbis
1202 386 1279 424 fuit

85 448 264 487 cuniculo
307 449 494 487 subrutus
537 463 682 497 murus,
724 463 793 501 per
837 450 945 488 cuius
984 451 1115 488 ruinas
1153 450 1277 488 hostis

84 513 259 552 intravit.
322 513 503 552 Ducebat
540 515 623 565 ipse
661 528 731 552 rex
775 514 1053 565 antesignanos
1093 519 1142 560 et,
1182 514 1277 552 dum

85 577 279 617 incautius
313 578 430 626 subit,
466 591 560 617 saxo
594 592 681 617 crus
720 578 802 617 eius
837 578 1046 629 adfligitur.
1111 579 1277 617 Innixus

85 647 217 680 tamen
237 642 326 689 telo,
349 642 526 681 nondum
553 643 693 694 prioris
713 643 887 682 vulneris
908 643 1079 682 obducta
1098 643 1276 682 cicatrice

84 707 189 745 inter
224 707 415 757 primores
453 707 624 754 dimicat,
660 707 718 746 ira
751 721 907 758 quoque
941 721 1134 755 accensus,
1171 707 1276 758 quod

85 771 164 810 duo
183 772 225 809 in
241 772 444 810 obsidione
465 772 574 811 urbis
595 772 676 810 eius
692 773 857 810 vulnera
876 778 1085 824 acceperat.
1145 773 1276 810 Betim

86 836 241 887 egregia
267 836 373 875 edita
402 850 533 888 pugna
562 837 773 887 multisque
797 837 1026 875 vulneribus
1056 837 1276 875 confectum

85 900 344 940 deseruerunt
372 901 454 939 sui:
489 914 559 939 nec
588 906 722 940 tamen
753 902 909 952 segnius
932 902 1124 952 proelium
1151 914 1277 951 capes-

85 966 197 1004 sebat
242 966 403 1004 lubricis
449 966 566 1004 armis
620 979 690 1004 suo
736 966 885 1016 pariter
936 972 1055 1016 atque
1101 965 1276 1004 hostium

85 1031 283 1081 sanguine.

241 1151 303 1178 31.
331 1145 529 1178 Alexander
551 1146 656 1187 ayain
680 1146 842 1177 wounded
862 1146 899 1177 in
922 1146 973 1177 the
997 1145 1118 1177 attccek.

139 1222 243 1260 Hinc
290 1222 444 1260 animus
494 1222 617 1261 crevit
668 1222 846 1268 obsessis,
896 1222 1116 1272 egressique
1161 1225 1276 1272 porta

85 1287 360 1325 recedentibus
398 1287 574 1325 inferunt
611 1287 732 1337 signa,
773 1287 1064 1325 cunctationem
1101 1286 1275 1325 hostium

84 1364 194 1389 suam
226 1351 309 1389 fore
342 1352 585 1390 occasionem
618 1351 705 1389 rati.
770 1351 848 1389 Sed
882 1351 1006 1389 acrius
1041 1364 1156 1401 quam
1190 1364 1275 1389 con-

83 1416 252 1454 stantius
284 1416 476 1466 proelium
514 1416 714 1455 inierunt:
753 1416 898 1466 quippe
931 1420 977 1454 ut
1014 1415 1274 1454 Macedonum

84 1481 195 1532 signa
242 1480 452 1532 circumagi
499 1480 643 1528 videre,
689 1486 855 1531 repente
903 1480 1050 1518 sistunt
1097 1480 1272 1531 gradum.

84 1545 246 1596 Iamque
280 1545 330 1583 ad
366 1559 498 1596 regem
534 1545 812 1596 proeliantium
848 1544 994 1583 clamor
1031 1549 1272 1595 pervenerat,

84 1623 172 1648 cum
203 1609 427 1648 denuntiati
460 1609 624 1660 periculi
654 1609 759 1648 haud
792 1622 884 1647 sane
914 1610 1277 1648 memor—loricam

83 1678 227 1722 tamen,
249 1687 368 1724 quam
393 1687 480 1712 raro
506 1673 705 1721 induebat,
730 1674 863 1712 amicis
883 1675 1086 1712 orantibus
1110 1674 1277 1723 sumpsit

84 1738 188 1776 —ad
223 1739 351 1789 prima
384 1738 494 1789 signa
530 1739 721 1788 pervenit.
786 1738 872 1786 Quo
906 1743 1114 1789 conspecto
1147 1738 1276 1776 Arabs

85 1802 255 1853 quidam,
302 1802 422 1841 Darei
470 1802 591 1851 miles,
635 1803 761 1841 maius
808 1803 967 1840 fortuna
1013 1816 1082 1840 sua
1128 1803 1276 1841 facinus

84 1880 211 1915 ausus,
233 1867 408 1918 gladium
432 1867 556 1918 clipeo
576 1872 723 1918 tegens,
746 1867 857 1917 quasi
884 1867 1088 1917 transfuga
1112 1867 1276 1917 genibus

84 1931 187 1981 regis
213 1931 448 1969 advolvitur.
507 1931 579 1970 Ille
607 1931 815 1982 adsurgere
837 1931 1051 1982 supplicem
1078 1932 1276 1981 recipique

84 1996 189 2034 inter
226 2009 315 2034 suos
353 1996 477 2034 iussit.
545 1997 602 2034 At
639 1996 827 2034 barbarus
870 1995 1000 2047 gladio
1039 2001 1196 2033 strenue
1234 1995 1273 2032 in

1295 596 1332 618 10

1294 1819 1331 1840 10
