1461 2255
445 163 657 203 QUINTUS
682 164 900 196 CURTIUS.
1229 166 1268 197 19

80 260 348 311 quadriremes
386 265 511 307 erant,
549 273 661 298 ruere
699 260 877 298 tabulata
915 265 955 299 et
992 274 1079 299 cum
1117 261 1269 311 ingenti

79 325 230 375 fragore
250 325 292 363 in
311 324 551 375 profundum
571 337 702 363 secum
731 325 876 363 milites
906 325 1072 363 trahere.
1130 325 1268 375 Neque

79 389 183 427 enim
221 394 400 428 conserta
443 389 600 440 navigia
647 389 728 427 ulla
775 402 847 439 ope
893 389 934 427 in
981 389 1141 427 turbido
1187 389 1269 440 regi

78 458 287 504 poterant:
327 453 439 492 miles
468 453 687 492 ministeria
716 459 937 500 nautarum,
970 467 1104 492 remex
1133 454 1268 491 militis
1286 466 1322 498 15

78 518 202 556 officia
230 518 428 565 turbabat,
462 522 513 565 et,
544 517 651 568 quod
680 518 722 555 in
756 518 950 556 eiusmodi
984 531 1074 556 casu
1113 518 1266 566 accidit,

76 579 195 629 periti
232 579 377 630 ignaris
415 580 630 630 parebant:
669 580 816 630 quippe
846 580 1139 630 gubernatores,
1175 580 1268 618 alias

76 643 267 694 imperare
287 644 403 692 soliti,
426 649 510 682 tum
533 648 643 682 metu
669 645 807 682 mort-is
830 644 936 682 iussa
959 645 1265 694 exequebantur.

77 708 254 746 Tandem
287 708 404 747 remis
438 709 677 759 pertinacius
707 709 981 747 everberatum
1009 722 1116 747 mare
1145 709 1268 747 veluti

77 773 337 823 eripientibus
366 773 524 824 navigia
554 773 722 811 classicis
752 773 877 819 cessit,
907 772 1148 823 adpulsaque
1177 778 1268 811 sunt
1282 789 1323 810 20

76 837 182 875 litori
202 837 371 876 lacerata
390 837 586 888 pleraque.

305 962 368 990 21.
396 958 549 989 Resoluta
572 958 716 989 atticncle
739 958 781 997 os
798 957 849 989 the
877 957 1035 998 Tyrians.

129 1034 261 1072 Isdem
289 1035 391 1072 forte
421 1034 559 1072 diebus
588 1033 976 1084 Carthaginiensium
1013 1033 1133 1084 legati
1171 1044 1267 1071 XXX

75 1099 369 1150 superveniunt,
402 1099 527 1149 magis
562 1099 728 1136 obsessis
770 1098 958 1136 solacium
1000 1111 1119 1148 quam
1161 1099 1267 1136 auxi-

74 1163 197 1202 lium:
240 1164 385 1214 quippe
415 1163 630 1201 domestico
664 1163 766 1201 bello
805 1163 957 1201 Poenos
991 1162 1162 1213 inpediri
1195 1176 1266 1201 nec

75 1228 124 1266 de
165 1227 340 1278 imperio,
383 1227 451 1265 sed
499 1241 569 1278 pro
617 1227 742 1265 salute
785 1227 971 1266 dimicare
1013 1227 1263 1265 nuntiabant.

75 1292 310 1342 Syracusani
349 1296 434 1330 tum
471 1292 648 1330 Africam
687 1291 855 1330 urebant
897 1297 936 1330 et
978 1291 1084 1330 haud
1130 1292 1265 1342 procul
1302 1310 1319 1343 5

75 1356 326 1407 Carthaginis
363 1356 485 1394 muris
523 1356 749 1394 locaverant
796 1361 931 1394 castra.
995 1356 1087 1395 Non
1133 1361 1266 1394 tamen

74 1420 249 1459 defecere
289 1420 429 1459 animis
467 1420 591 1470 Tyrii,
631 1433 871 1471 quamquam
909 1421 958 1459 ab
1000 1420 1152 1471 ingenti
1198 1433 1266 1471 spe

75 1485 258 1524 destituti
287 1490 410 1531 erant,
442 1484 510 1523 sed
545 1485 728 1535 coniuges
761 1485 983 1535 liberosque
1015 1485 1266 1523 devehendos

76 1549 356 1601 Carthaginem
376 1549 640 1597 tradiderunt,
661 1549 814 1598 fortius,
837 1549 1032 1600 quidquid
1061 1549 1264 1596 accideret,

74 1614 203 1661 laturi,
226 1614 259 1652 si
278 1614 518 1652 carissimam
538 1614 597 1652 sui
622 1618 774 1664 partem
799 1618 912 1652 extra
935 1619 1080 1652 sortem
1103 1614 1266 1664 periculi
1284 1632 1321 1654 10

75 1679 292 1717 communis
329 1678 570 1717 habuissent.
635 1679 812 1728 Cumque
845 1691 946 1716 unus
981 1691 1000 1716 e
1035 1678 1185 1716 civibus
1224 1678 1265 1716 in

75 1743 256 1782 contione
285 1743 507 1791 indicasset,
539 1742 713 1781 oblatam
747 1755 829 1781 esse
866 1756 936 1792 per
973 1755 1153 1780 somnum
1190 1742 1266 1780 sibi

75 1808 243 1858 speciem
275 1807 482 1857 Apollinis,
515 1820 633 1857 quem
671 1807 816 1844 eximia
854 1806 1041 1857 religione
1080 1807 1262 1854 colerent,

74 1872 213 1911 urbem
241 1872 470 1919 deserentis,
500 1871 722 1921 molemque
751 1885 773 1909 a
801 1871 1086 1910 Macedonibus
1113 1871 1155 1909 in
1184 1871 1264 1909 salo

75 1937 218 1975 iactam
254 1936 295 1974 in
333 1936 555 1975 silvestrem
592 1935 736 1974 saltum
766 1948 849 1974 esse
879 1940 1096 1975 mutatam:
1134 1949 1317 1986 quam-15

76 2014 194 2055 quam
214 2005 348 2039 auctor
366 2000 464 2038 levis
491 2004 584 2047 erat,
608 2006 740 2037 tamen
771 1999 819 2037 ad
849 1999 1042 2038 deteriora
1071 1999 1265 2037 credenda
