1461 2255
429 167 640 206 QUINTUS
669 169 886 202 CURTIUS.
1213 170 1254 201 35

63 263 192 314 ipsum
231 264 384 303 alveum
422 270 614 314 penetrat.
673 266 830 304 Primus
863 265 967 303 inter
999 265 1153 315 pedites
1186 278 1254 302 rex

64 341 239 378 egressus
259 329 299 366 in
320 329 445 380 ripam
466 329 612 368 vadum
633 330 825 368 militibus
846 343 976 377 manu,
999 330 1157 380 quando
1177 343 1255 367 vox

63 393 242 431 exaudiri
263 407 343 432 non
363 399 530 444 poterat,
553 395 738 433 ostendit.
798 394 876 433 Sed
906 394 1073 446 gradum
1101 395 1255 432 firmare
1292 401 1308 433 5

64 457 131 494 vix
151 463 346 508 poterant,
370 472 458 496 cum
487 459 605 497 modo
625 472 719 497 saxa
739 459 888 497 lubrica
916 459 1128 509 vestigium
1152 459 1256 498 falle-

62 526 162 569 rent,
202 522 319 560 modo
357 523 531 573 rapidior
568 523 675 561 unda
713 523 958 562 subduceret.
1018 523 1255 573 Praecipuus

63 591 147 624 erat
161 586 271 625 labor
287 601 433 634 eorum,
452 588 520 638 qui
536 587 709 626 humeris
726 602 843 626 onera
859 588 1072 638 portabant
1088 604 1094 627 :
1111 589 1256 639 quippe

63 664 150 689 eum
182 652 411 702 semetipsos
441 665 574 702 regere
604 666 683 691 non
713 658 883 703 possent,
914 653 954 690 in
984 653 1142 703 rapidos
1170 666 1257 704 gur-

62 716 162 766 gites
200 717 448 755 incommodo
487 730 604 755 onere
642 718 931 763 auferebantur,
968 722 1016 764 et,
1058 717 1153 754 dum
1187 731 1257 756 sua
1274 728 1312 750 10

63 781 227 831 quisque
248 781 371 831 spolia
391 781 577 831 consequi
597 782 742 829 studet,
760 782 883 820 maior
899 782 1002 820 inter
1018 781 1123 832 ipsos
1139 795 1255 832 quam

61 859 148 883 cum
187 846 292 884 amni
331 851 417 884 orta
455 846 619 884 luctatio
653 852 722 893 est,
759 846 980 896 cumulique
1016 846 1256 884 sarcinarum

61 911 206 961 passim
227 911 426 949 fluitantes
443 910 649 961 plerosque
665 911 921 960 perculerant.
982 911 1068 949 Rex
1084 925 1253 961 monere,

62 980 106 1012 ut
125 976 221 1013 satis
240 975 432 1014 haberent
452 989 560 1014 arma
580 976 761 1022 retinere,
785 981 913 1014 cetera
933 989 973 1013 se
993 975 1251 1015 redditurum.

62 1039 139 1077 Sed
166 1053 292 1090 neque
320 1041 525 1078 eonsilium
546 1053 673 1090 neque
693 1040 902 1090 imperium
930 1040 1051 1090 accipi
1075 1046 1253 1090 poterat:
1273 1052 1307 1084 15

60 1104 313 1155 obstrepebat
331 1105 422 1143 hinc
443 1110 581 1153 metus,
604 1110 761 1155 praeter
788 1104 892 1142 hunc
921 1105 1088 1142 invicem
1108 1105 1255 1143 luctan-

59 1170 159 1207 tium
197 1174 358 1208 mutuus
396 1169 550 1208 clamor.
609 1169 786 1208 Tandem
825 1182 902 1219 qua
939 1169 1086 1207 leniore
1125 1174 1253 1208 tractu

59 1234 186 1272 amnis
217 1235 343 1284 aperit
369 1234 526 1281 vadum,
549 1247 753 1281 emersere,
775 1247 845 1272 nec
866 1234 1076 1284 quicquam
1098 1240 1254 1284 praeter

59 1312 200 1348 paucas
221 1299 391 1337 sarcinas
421 1299 687 1337 desideratum
709 1303 777 1337 est.
838 1298 970 1337 Deleri
998 1299 1128 1348 potuit
1149 1313 1253 1338 exer-

58 1363 172 1409 citus,
194 1363 225 1401 si
247 1363 334 1413 quis
355 1363 509 1402 vincere
530 1377 646 1401 ausus
666 1369 777 1411 esset,
797 1363 865 1401 sed
887 1368 1075 1414 perpetua
1094 1364 1254 1403 fortuna
1268 1379 1308 1401 20

58 1428 160 1478 regis
189 1428 334 1466 avertit
353 1428 446 1466 inde
466 1428 631 1466 hostem.
691 1428 752 1466 Sic
780 1427 993 1465 Granicum
1015 1432 1075 1466 tot
1095 1429 1253 1467 milibus

58 1492 235 1542 equitum
257 1491 515 1542 peditumque
536 1492 576 1530 in
593 1492 779 1530 ulteriore
801 1492 998 1530 stantibus
1018 1493 1103 1543 ripa
1123 1507 1254 1544 super-

58 1557 150 1603 avit,
184 1556 237 1594 sic
271 1557 448 1607 angustis
482 1557 523 1594 in
556 1556 715 1595 Ciliciae
746 1556 909 1594 callibus
941 1562 1093 1595 tantam
1124 1558 1254 1596 multi-

57 1620 238 1659 tudinem
277 1621 476 1659 hostium:
514 1621 700 1659 audaciae
748 1634 916 1671 quoque,
957 1635 1035 1671 qua
1081 1623 1252 1661 maxime

57 1685 195 1735 viguit,
214 1685 315 1724 ratio
335 1686 460 1723 minui
481 1690 622 1735 potest,
641 1686 733 1735 quia
753 1699 969 1736 numquam
986 1687 1025 1723 in
1042 1686 1251 1726 discrimen
1267 1700 1284 1721 2
1290 1698 1306 1732 5

57 1749 178 1795 venit,
201 1762 250 1787 an
271 1754 419 1787 temere
440 1749 605 1787 fecisset.

56 1833 124 1860 40.
152 1828 355 1868 Dari'zcsfor
372 1829 423 1860 the
440 1828 533 1860 thio-<l
550 1830 626 1861 time
650 1830 745 1869 offers
768 1835 867 1862 term-s
884 1831 1033 1870 ospeace
1044 1843 1059 1870 ;
1082 1833 1195 1872 speech
1218 1833 1260 1874 of

507 1883 558 1914 his
574 1884 808 1933 amba-mador..

110 1941 248 1991 Itaque
277 1955 516 1992 quamquam
546 1942 691 1980 frustra
712 1957 804 1993 pace
826 1944 885 1981 bis
906 1944 1032 1994 petita
1053 1946 1183 1983 omnia
1203 1947 1252 1985 ad

56 2005 204 2043 bellum
224 2006 386 2043 consilia
415 2011 673 2054 converterat,
697 2008 825 2046 victus
846 2014 978 2046 tamen
1010 2010 1254 2049 continentia
