1461 2255
195 169 237 201 32
566 170 823 203 SELECTION
828 170 850 203 S
881 171 1013 204 FROM

195 265 299 303 orbis
319 265 527 316 imperium
552 267 642 304 fatis
672 267 746 305 sibi
775 267 1050 306 destinaretur,
1109 268 1321 319 Vatesque,
1342 268 1383 307 in

195 330 461 369 adulationem
500 332 735 382 conpositus,
767 338 961 371 terrarum
990 333 1166 371 omnium
1193 339 1384 373 rectorem

194 394 277 433 fore
297 395 481 434 ostendit.

540 563 606 590 36.
635 560 703 591 The
719 560 898 601 flatterz'ns]
921 561 1041 592 oracla.

248 652 345 690 Post
364 652 458 691 haec
482 653 631 692 institit
660 667 856 704 quaerere,
880 667 929 691 an
960 667 1093 692 omnes
1121 653 1296 704 parentis
1325 654 1386 693 sui

195 717 464 756 interfectores
502 731 647 768 poenas
684 718 897 757 dedissent.
957 718 1145 757 Sacerdos
1181 723 1386 769 parentem

195 781 276 819 eius
296 786 415 832 negat
436 782 551 820 ullius
571 783 712 821 scelere
736 795 849 832 posse
878 782 1028 828 violari,
1051 782 1226 833 Philippi
1254 787 1387 821 autem

195 859 328 884 omnes
349 846 467 885 luisse
497 847 711 897 supplicia:
750 847 904 894 adiecit,
926 847 1119 885 invictum
1148 847 1242 895 fore,
1263 847 1387 887 donec

141 924 158 958 5
195 911 402 949 excederet
435 911 484 949 ad
518 911 622 950 deos,
681 911 878 950 Sacrificio
911 911 1055 950 deinde
1084 912 1187 950 facto
1216 911 1320 950 dona
1348 916 1387 950 et

195 975 464 1014 sacerdotibus
483 981 523 1014 et
552 976 625 1014 deo
655 976 749 1014 data
777 980 870 1014 sunt
898 976 1210 1026 permissumque
1238 976 1384 1024 amicis,
1412 991 1414 993 ’

194 1045 240 1078 ut
276 1040 351 1090 ipsi
389 1053 544 1090 quoque
583 1040 833 1079 consulerent
870 1040 1016 1079 Iovem.
1074 1040 1187 1078 Nihil
1220 1030 1387 1091 amplius

194 1105 446 1155 quaesierunt
475 1118 602 1155 quam,
625 1119 675 1142 an
704 1110 840 1143 auctor
866 1110 968 1143 esset
994 1105 1069 1143 sibi
1094 1104 1240 1143 divinis
1266 1105 1388 1144 hono-

194 1169 302 1207 ribus
331 1169 485 1207 colendi
514 1183 629 1207 suum
662 1182 805 1220 regem.
879 1169 964 1207 Hoc
999 1183 1153 1220 quoque
1186 1174 1385 1220 acceptum

144 1248 182 1270 10
196 1234 278 1272 fore
299 1234 385 1272 Iovi
406 1239 516 1272 vates
537 1234 789 1284 respondent.
847 1234 953 1272 Vera
973 1239 1013 1272 et
1038 1234 1185 1272 salubri
1212 1235 1389 1272 aestima-

194 1299 302 1337 tione
322 1300 498 1349 pensanti
520 1299 639 1337 fidem
665 1299 813 1337 oraculi
832 1312 934 1337 vana
953 1299 1128 1349 profecto
1148 1312 1334 1349 responsa
1353 1299 1388 1337 ei

194 1363 320 1401 videri
341 1364 586 1413 potuissent:
621 1363 689 1401 sed
710 1363 879 1410 fortuna,
903 1377 1001 1413 quos
1030 1363 1099 1401 uni
1128 1363 1203 1401 sibi
1231 1363 1388 1402 credere

195 1428 334 1478 coegit,
365 1441 508 1478 magna
537 1441 585 1466 ex
620 1433 730 1478 parte
761 1428 897 1466 avidos
926 1428 1072 1479 gloriae
1110 1428 1232 1480 magis
1270 1441 1387 1478 quam

195 1505 353 1542 capaces
384 1492 488 1530 facit.
548 1492 653 1530 Iovis
688 1493 810 1543 igitur
840 1492 964 1530 filium
994 1506 1034 1530 se
1065 1505 1144 1530 non
1175 1492 1301 1530 solum
1325 1505 1390 1542 ap-

145 1568 180 1601 15
195 1557 332 1607 pellari
352 1570 488 1606 passus
509 1561 577 1604 est,
601 1557 668 1595 sed
690 1557 809 1595 etiam
829 1557 943 1594 iussit
963 1569 1170 1607 rerumque
1190 1561 1388 1607 gestarum

195 1622 349 1669 famam,
381 1621 475 1659 dum
505 1635 646 1672 augere
675 1621 763 1659 vult
791 1621 862 1659 tali
897 1621 1170 1672 appellatione,
1201 1621 1386 1671 corrupit.

195 1687 246 1724 Et
272 1686 519 1734 Macedones,
543 1686 697 1724 adsueti
727 1685 886 1736 quidem
915 1685 1024 1736 regio
1052 1685 1226 1735 imperio,
1251 1685 1319 1724 sed
1347 1685 1389 1723 in

195 1751 341 1789 maiore
360 1750 556 1788 libertatis
577 1750 715 1788 umbra
738 1763 856 1800 quam
887 1755 1036 1788 ceterae
1064 1755 1212 1800 gentes,
1233 1749 1390 1788 immor-

195 1815 391 1853 talitatem
426 1815 692 1853 adfectantem
723 1814 1006 1861 contumacius,
1039 1827 1158 1864 quam
1191 1819 1260 1852 aut
1292 1814 1388 1865 ipsis

142 1891 183 1913 20
197 1879 431 1930 expediebat
470 1885 537 1917 aut
573 1879 665 1930 regi,
702 1879 870 1917 aversati
909 1884 1010 1916 sunt.
1070 1878 1149 1916 Sed
1185 1879 1280 1917 haec
1317 1892 1387 1917 suo

196 1957 372 1995 quaeque
411 1944 579 1994 tempori
617 1948 892 1982 reserventur:
940 1956 1044 1980 nunc
1082 1947 1209 1981 cetera
1246 1943 1387 1993 exequi

195 2022 365 2060 pergam.
