1461 2255
447 163 660 202 QUINTUS
685 163 904 195 CURTIUS.
1229 164 1269 194 21

76 262 259 306 traverat,
299 273 370 297 nee
408 259 489 298 ulla
526 259 565 297 vi
604 260 736 298 excuti
778 263 935 310 poterat
982 264 1032 306 et,
1072 258 1265 309 quidquid
1280 277 1321 297 20

75 324 272 375 attigerat,
294 324 515 374 perurebat,
539 324 803 374 iacientesque
824 337 931 362 arma
947 323 1125 362 laceratis
1146 324 1266 361 omni-

75 388 157 436 bus,
176 388 262 438 quis
278 388 431 439 protegi
446 393 661 438 proterant,
680 389 910 426 vulneribus
925 388 1044 426 inulti
1059 388 1265 438 patebant:

75 452 181 491 corvi
228 466 321 491 vero
369 458 409 491 et
455 453 604 492 ferreae
650 466 790 491 manus
837 457 1034 491 tormento
1082 453 1265 491 remissae

74 517 279 568 plerosque
300 517 517 568 rapiebant.

397 647 461 674 23.
491 643 521 674 A
548 649 692 675 monster
715 644 757 683 of
774 644 825 675 the
849 644 940 684 deep.

128 713 202 751 His
222 726 292 751 rex
312 713 502 764 fatigatus
530 719 722 753 statuerat
751 714 878 752 soluta
907 713 1110 752 obsidione
1138 713 1263 765 Aegy-

74 782 186 827 ptum
212 783 356 828 petere.
415 778 569 829 Quippe
597 793 683 817 eum
713 779 848 816 Asiam
877 778 1029 829 ingenti
1058 778 1265 816 velocitate

74 842 389 891 pereueurrisset,
417 843 517 880 eirea
545 856 678 881 muros
708 843 825 880 unius
854 843 961 880 urbis
990 843 1177 880 haerebat
1205 846 1266 880 tot

74 906 335 944 maximarum
364 920 496 944 rerum
525 907 822 958 opportunitate
852 906 1022 944 dimissa.
1081 906 1266 944 Ceterum

74 975 156 1008 tam
180 971 379 1009 discedere
405 972 572 1019 irritum,
595 985 713 1022 quam
742 971 885 1009 morari
914 971 1099 1021 pudebat,
1122 972 1265 1009 famam
1302 985 1319 1018 5

74 1048 240 1085 quoque,
263 1049 339 1086 qua
367 1036 480 1086 plura
509 1050 623 1087 quam
654 1036 771 1074 armis
802 1041 1008 1083 everterat,
1038 1040 1145 1073 ratus
1174 1035 1267 1073 levi—

75 1113 182 1137 orem
214 1101 306 1148 fore,
341 1100 372 1138 si
407 1101 559 1150 Tyrum
593 1101 704 1151 quasi
739 1105 892 1147 testem,
930 1113 969 1138 se
1003 1113 1115 1150 posse
1149 1100 1262 1147 vinei,

74 1164 304 1214 reliquisset.
364 1164 492 1215 Igitur
530 1178 579 1204 ne
618 1165 714 1215 quid
756 1165 1009 1215 inexpertum
1052 1164 1264 1212 omitteret,

73 1228 204 1278 plures
250 1242 369 1267 naves
417 1229 616 1268 admoveri
660 1230 770 1268 iubet
808 1229 1057 1280 delectosque
1095 1229 1266 1267 militum

74 1293 223 1342 inponi.
280 1293 333 1331 Et
352 1293 454 1332 forte
475 1294 590 1332 belua
610 1295 822 1332 inusitatae
843 1294 1127 1344 magnitudinis
1151 1307 1267 1343 super
1285 1309 1322 1331 10

73 1357 179 1407 ipsos
208 1358 346 1395 fluetus
375 1358 490 1396 dorso
520 1359 696 1396 eminens
726 1358 775 1397 ad
804 1359 958 1407 molem,
991 1372 1108 1408 quam
1142 1359 1267 1396 Maee—

74 1422 195 1460 dones
215 1422 398 1469 ieeerant,
413 1423 551 1473 ingens
567 1437 707 1473 eorpus
723 1423 914 1473 adplicuit
931 1423 1266 1473 diverberatisque

74 1487 257 1525 fluetibus
294 1486 480 1525 adlevans
519 1492 641 1525 semet
687 1488 886 1537 utrimque
930 1493 1137 1538 conspecta
1185 1493 1266 1526 est:

74 1551 215 1590 deinde
237 1566 258 1589 a
278 1552 406 1602 eapite
426 1553 539 1591 molis
560 1566 694 1590 rursus
715 1553 794 1590 alto
815 1566 854 1590 se
876 1553 1055 1590 inmersit
1082 1566 1124 1590 ao
1150 1552 1267 1590 modo

73 1629 190 1666 super
209 1616 334 1653 undas
356 1617 531 1655 eminens
551 1630 694 1667 magna
710 1617 768 1654 sui
785 1622 906 1667 parte,
922 1617 1038 1655 modo
1055 1617 1266 1667 superfusis
1285 1629 1320 1662 15

73 1680 256 1718 fluetibus
295 1681 456 1719 condita
493 1681 599 1719 haud
633 1681 769 1732 procul
803 1681 1061 1719 munimentis
1091 1681 1197 1719 urbis
1227 1694 1267 1719 se

73 1745 219 1783 mersit.
279 1746 472 1795 Utrisque
492 1746 619 1783 laetus
639 1746 716 1783 fuit
735 1746 874 1784 beluae
895 1742 1075 1796 aspectus
1095 1761 1102 1783 :
1142 1746 1267 1783 Maee-

74 1809 195 1847 dones
233 1810 308 1847 iter
346 1810 524 1848 iaciendo
563 1810 672 1860 operi
712 1816 948 1848 monstrasse
988 1824 1072 1849 eam
1107 1823 1267 1860 augura-

74 1873 230 1919 bantur,
271 1873 382 1923 Tyrii
420 1874 653 1925 Neptunum
693 1875 871 1925 occupati
909 1876 1028 1913 maris
1070 1875 1267 1913 vindicem

74 1938 290 1988 abripuisse
311 1938 468 1976 beluam
488 1952 530 1977 ae
552 1939 695 1977 molem
716 1940 827 1977 brevi
857 1940 1031 1989 profecto
1061 1940 1264 1977 ruituram.
1282 1951 1322 1973 20

74 2002 265 2053 Laetique
304 2003 433 2041 omine
471 2017 517 2042 eo
557 2004 607 2041 ad
646 2004 781 2054 epulas
815 2004 958 2054 dilapsi
988 2017 1198 2042 oneravere
1227 2017 1266 2041 se
