<?xml version="1.0" encoding="UTF-8"?>
<!DOCTYPE html PUBLIC "-//W3C//DTD XHTML 1.0 Transitional//EN"
    "http://www.w3.org/TR/xhtml1/DTD/xhtml1-transitional.dtd">
<html xmlns="http://www.w3.org/1999/xhtml" xml:lang="en" lang="en">
 <head>
  <title>
</title>
<meta http-equiv="Content-Type" content="text/html;charset=utf-8" />
  <meta name='ocr-system' content='tesseract 3.04.00' />
  <meta name='ocr-capabilities' content='ocr_page ocr_carea ocr_par ocr_line ocrx_word'/>
</head>
<body>
  <div class='ocr_page' id='page_1' title='image "./selections00curtuoft_0066.png"; bbox 0 0 1461 2255; ppageno 0'>
   <div class='ocr_carea' id='block_1_1' title="bbox 154 150 973 184">
    <p class='ocr_par' dir='ltr' id='par_1_1' title="bbox 154 150 973 184">
     <span class='ocr_line' id='line_1_1' title="bbox 154 150 973 184; baseline 0.001 -2"><span class='ocrx_word' id='word_1_1' title='bbox 154 153 196 182; x_wconf 83' lang='lat'>54</span> <span class='ocrx_word' id='word_1_2' title='bbox 527 150 810 183; x_wconf 84' lang='lat' dir='ltr'>SELECTIONS</span> <span class='ocrx_word' id='word_1_3' title='bbox 844 152 973 184; x_wconf 84' lang='lat' dir='ltr'>FROM</span> 
     </span>
    </p>
   </div>
   <div class='ocr_carea' id='block_1_2' title="bbox 519 246 983 278">
    <p class='ocr_par' dir='ltr' id='par_1_2' title="bbox 519 246 983 278">
     <span class='ocr_line' id='line_1_2' title="bbox 519 246 983 278; baseline 0.002 -1"><span class='ocrx_word' id='word_1_4' title='bbox 519 251 580 278; x_wconf 83' lang='lat'>⁵9.</span> <span class='ocrx_word' id='word_1_5' title='bbox 608 246 676 278; x_wconf 69' lang='lat' dir='ltr'>But</span> <span class='ocrx_word' id='word_1_6' title='bbox 699 252 754 278; x_wconf 73' lang='lat' dir='ltr'>not</span> <span class='ocrx_word' id='word_1_7' title='bbox 777 246 983 278; x_wconf 73' lang='lat' dir='ltr'><em>Alexander.</em></span> 
     </span>
    </p>
   </div>
   <div class='ocr_carea' id='block_1_3' title="bbox 107 321 1354 1728">
    <p class='ocr_par' dir='ltr' id='par_1_3' title="bbox 107 321 1354 1728">
     <span class='ocr_line' id='line_1_3' title="bbox 209 321 1344 372; baseline -0.001 -13"><span class='ocrx_word' id='word_1_8' title='bbox 209 322 361 372; x_wconf 80' lang='lat' dir='ltr'>Quippe</span> <span class='ocrx_word' id='word_1_9' title='bbox 396 335 473 359; x_wconf 90' lang='lat' dir='ltr'>non</span> <span class='ocrx_word' id='word_1_10' title='bbox 507 322 717 360; x_wconf 86' lang='lat' dir='ltr'>vehemens</span> <span class='ocrx_word' id='word_1_11' title='bbox 752 322 878 370; x_wconf 88' lang='lat' dir='ltr'>modo,</span> <span class='ocrx_word' id='word_1_12' title='bbox 911 322 979 361; x_wconf 87' lang='lat' dir='ltr'>sed</span> <span class='ocrx_word' id='word_1_13' title='bbox 1012 323 1131 360; x_wconf 81' lang='lat' dir='ltr'>etiam</span> <span class='ocrx_word' id='word_1_14' title='bbox 1162 321 1344 372; x_wconf 78' lang='lat' dir='ltr'>pertinax</span> 
     </span>
     <span class='ocr_line' id='line_1_4' title="bbox 157 385 1344 436; baseline -0.001 -13"><span class='ocrx_word' id='word_1_15' title='bbox 157 386 214 423; x_wconf 89' lang='lat' dir='ltr'>vis</span> <span class='ocrx_word' id='word_1_16' title='bbox 262 385 353 423; x_wconf 88' lang='lat' dir='ltr'>mali</span> <span class='ocrx_word' id='word_1_17' title='bbox 401 385 608 423; x_wconf 70' lang='lat' dir='ltr'>insistebat</span> <span class='ocrx_word' id='word_1_18' title='bbox 657 385 871 436; x_wconf 86' lang='lat' dir='ltr'>lucemque,</span> <span class='ocrx_word' id='word_1_19' title='bbox 921 386 1098 424; x_wconf 88' lang='lat' dir='ltr'>naturale</span> <span class='ocrx_word' id='word_1_20' title='bbox 1145 386 1344 432; x_wconf 89' lang='lat' dir='ltr'>solacium,</span> 
     </span>
     <span class='ocr_line' id='line_1_5' title="bbox 154 451 1344 501; baseline -0.001 -13"><span class='ocrx_word' id='word_1_21' title='bbox 154 456 310 500; x_wconf 85' lang='lat' dir='ltr'>praeter</span> <span class='ocrx_word' id='word_1_22' title='bbox 342 456 617 500; x_wconf 87' lang='lat' dir='ltr'>tempestatem</span> <span class='ocrx_word' id='word_1_23' title='bbox 651 451 756 489; x_wconf 86' lang='lat' dir='ltr'>haud</span> <span class='ocrx_word' id='word_1_24' title='bbox 794 451 989 501; x_wconf 80' lang='lat' dir='ltr'>disparem</span> <span class='ocrx_word' id='word_1_25' title='bbox 1022 451 1128 490; x_wconf 86' lang='lat' dir='ltr'>nocti</span> <span class='ocrx_word' id='word_1_26' title='bbox 1161 451 1344 489; x_wconf 88' lang='lat' dir='ltr'>silvarum</span> 
     </span>
     <span class='ocr_line' id='line_1_6' title="bbox 155 514 1345 566; baseline 0 -14"><span class='ocrx_word' id='word_1_27' title='bbox 155 528 310 565; x_wconf 88' lang='lat' dir='ltr'>quoque</span> <span class='ocrx_word' id='word_1_28' title='bbox 343 516 484 553; x_wconf 87' lang='lat' dir='ltr'>umbra</span> <span class='ocrx_word' id='word_1_29' title='bbox 521 520 801 566; x_wconf 86' lang='lat' dir='ltr'>suppresserat.</span> <span class='ocrx_word' id='word_1_30' title='bbox 864 516 949 554; x_wconf 84' lang='lat' dir='ltr'>Rex</span> <span class='ocrx_word' id='word_1_31' title='bbox 983 529 1085 554; x_wconf 89' lang='lat' dir='ltr'>unus</span> <span class='ocrx_word' id='word_1_32' title='bbox 1118 516 1220 554; x_wconf 87' lang='lat' dir='ltr'>tanti</span> <span class='ocrx_word' id='word_1_33' title='bbox 1253 514 1345 552; x_wconf 86' lang='lat' dir='ltr'>mali</span> 
     </span>
     <span class='ocr_line' id='line_1_7' title="bbox 124 579 1346 631; baseline -0.001 -14"><span class='ocrx_word' id='word_1_34' title='bbox 124 580 308 630; x_wconf 89' lang='lat' dir='ltr'>5patiens</span> <span class='ocrx_word' id='word_1_35' title='bbox 338 579 540 617; x_wconf 88' lang='lat' dir='ltr'>circumire</span> <span class='ocrx_word' id='word_1_36' title='bbox 569 579 725 627; x_wconf 87' lang='lat' dir='ltr'>milites,</span> <span class='ocrx_word' id='word_1_37' title='bbox 756 580 984 619; x_wconf 79' lang='lat' dir='ltr'>contrahere</span> <span class='ocrx_word' id='word_1_38' title='bbox 1010 580 1217 631; x_wconf 88' lang='lat' dir='ltr'>dispersos,</span> <span class='ocrx_word' id='word_1_39' title='bbox 1246 579 1346 617; x_wconf 88' lang='lat' dir='ltr'>adle-</span> 
     </span>
     <span class='ocr_line' id='line_1_8' title="bbox 156 644 1347 696; baseline 0 -14"><span class='ocrx_word' id='word_1_40' title='bbox 156 658 247 682; x_wconf 89' lang='lat' dir='ltr'>vare</span> <span class='ocrx_word' id='word_1_41' title='bbox 267 650 494 694; x_wconf 88' lang='lat' dir='ltr'>prostratos,</span> <span class='ocrx_word' id='word_1_42' title='bbox 512 644 717 683; x_wconf 86' lang='lat' dir='ltr'>ostendere</span> <span class='ocrx_word' id='word_1_43' title='bbox 735 645 867 694; x_wconf 84' lang='lat' dir='ltr'>procul</span> <span class='ocrx_word' id='word_1_44' title='bbox 888 645 1091 683; x_wconf 90' lang='lat' dir='ltr'>evolutum</span> <span class='ocrx_word' id='word_1_45' title='bbox 1111 659 1158 683; x_wconf 87' lang='lat' dir='ltr'>ex</span> <span class='ocrx_word' id='word_1_46' title='bbox 1179 644 1347 696; x_wconf 83' lang='lat' dir='ltr'>tuguriis</span> 
     </span>
     <span class='ocr_line' id='line_1_9' title="bbox 155 709 1348 761; baseline 0.002 -15"><span class='ocrx_word' id='word_1_47' title='bbox 155 709 306 747; x_wconf 88' lang='lat' dir='ltr'>fumum</span> <span class='ocrx_word' id='word_1_48' title='bbox 327 709 567 759; x_wconf 83' lang='lat' dir='ltr'>hortarique,</span> <span class='ocrx_word' id='word_1_49' title='bbox 589 715 633 747; x_wconf 91' lang='lat' dir='ltr'>ut</span> <span class='ocrx_word' id='word_1_50' title='bbox 653 710 832 759; x_wconf 87' lang='lat' dir='ltr'>proxima</span> <span class='ocrx_word' id='word_1_51' title='bbox 851 723 1028 760; x_wconf 87' lang='lat' dir='ltr'>quaeque</span> <span class='ocrx_word' id='word_1_52' title='bbox 1055 710 1222 761; x_wconf 82' lang='lat' dir='ltr'>suffugia</span> <span class='ocrx_word' id='word_1_53' title='bbox 1241 722 1348 748; x_wconf 86' lang='lat' dir='ltr'>occu-</span> 
     </span>
     <span class='ocr_line' id='line_1_10' title="bbox 156 772 1347 824; baseline -0.001 -12"><span class='ocrx_word' id='word_1_54' title='bbox 156 779 304 824; x_wconf 82' lang='lat' dir='ltr'>parent.</span> <span class='ocrx_word' id='word_1_55' title='bbox 367 774 448 811; x_wconf 86' lang='lat' dir='ltr'>Nec</span> <span class='ocrx_word' id='word_1_56' title='bbox 478 773 557 811; x_wconf 88' lang='lat' dir='ltr'>ulla</span> <span class='ocrx_word' id='word_1_57' title='bbox 586 787 645 811; x_wconf 88' lang='lat' dir='ltr'>res</span> <span class='ocrx_word' id='word_1_58' title='bbox 676 774 799 824; x_wconf 82' lang='lat' dir='ltr'>magis</span> <span class='ocrx_word' id='word_1_59' title='bbox 830 774 945 812; x_wconf 89' lang='lat' dir='ltr'>saluti</span> <span class='ocrx_word' id='word_1_60' title='bbox 976 774 1062 821; x_wconf 85' lang='lat' dir='ltr'>fuit,</span> <span class='ocrx_word' id='word_1_61' title='bbox 1095 787 1212 824; x_wconf 87' lang='lat' dir='ltr'>quam</span> <span class='ocrx_word' id='word_1_62' title='bbox 1241 772 1347 824; x_wconf 88' lang='lat' dir='ltr'>quod</span> 
     </span>
     <span class='ocr_line' id='line_1_11' title="bbox 157 837 1348 889; baseline 0 -13"><span class='ocrx_word' id='word_1_63' title='bbox 157 838 419 888; x_wconf 85' lang='lat' dir='ltr'>multiplicato</span> <span class='ocrx_word' id='word_1_64' title='bbox 454 838 585 876; x_wconf 84' lang='lat' dir='ltr'>labore</span> <span class='ocrx_word' id='word_1_65' title='bbox 626 838 881 876; x_wconf 86' lang='lat' dir='ltr'>sufficientem</span> <span class='ocrx_word' id='word_1_66' title='bbox 921 838 1044 885; x_wconf 86' lang='lat' dir='ltr'>malis,</span> <span class='ocrx_word' id='word_1_67' title='bbox 1089 839 1231 889; x_wconf 89' lang='lat' dir='ltr'>quibus</span> <span class='ocrx_word' id='word_1_68' title='bbox 1272 837 1348 887; x_wconf 84' lang='lat' dir='ltr'>ipsi</span> 
     </span>
     <span class='ocr_line' id='line_1_12' title="bbox 107 898 1346 953; baseline 0.001 -14"><span class='ocrx_word' id='word_1_69' title='bbox 107 917 144 938; x_wconf 93' lang='lat'>10</span> <span class='ocrx_word' id='word_1_70' title='bbox 157 908 362 950; x_wconf 82' lang='lat' dir='ltr'>cesserant,</span> <span class='ocrx_word' id='word_1_71' title='bbox 403 916 535 953; x_wconf 80' lang='lat' dir='ltr'>regem</span> <span class='ocrx_word' id='word_1_72' title='bbox 578 902 755 941; x_wconf 83' lang='lat' dir='ltr'>deserere</span> <span class='ocrx_word' id='word_1_73' title='bbox 800 898 1090 941; x_wconf 78' lang='lat' dir='ltr'>erubescebant.</span> <span class='ocrx_word' id='word_1_74' title='bbox 1163 903 1346 942; x_wconf 90' lang='lat' dir='ltr'>Ceterum</span> 
     </span>
     <span class='ocr_line' id='line_1_13' title="bbox 157 967 1348 1018; baseline -0.002 -12"><span class='ocrx_word' id='word_1_75' title='bbox 157 968 344 1006; x_wconf 85' lang='lat' dir='ltr'>efficacior</span> <span class='ocrx_word' id='word_1_76' title='bbox 373 967 414 1005; x_wconf 90' lang='lat' dir='ltr'>in</span> <span class='ocrx_word' id='word_1_77' title='bbox 447 967 621 1005; x_wconf 77' lang='lat' dir='ltr'>adversis</span> <span class='ocrx_word' id='word_1_78' title='bbox 659 967 869 1005; x_wconf 81' lang='lat' dir='ltr'>necessitas</span> <span class='ocrx_word' id='word_1_79' title='bbox 902 981 1021 1018; x_wconf 87' lang='lat' dir='ltr'>quam</span> <span class='ocrx_word' id='word_1_80' title='bbox 1055 967 1156 1005; x_wconf 90' lang='lat' dir='ltr'>ratio</span> <span class='ocrx_word' id='word_1_81' title='bbox 1192 967 1348 1017; x_wconf 82' lang='lat' dir='ltr'>frigoris</span> 
     </span>
     <span class='ocr_line' id='line_1_14' title="bbox 156 1031 1348 1071; baseline -0.001 -1"><span class='ocrx_word' id='word_1_82' title='bbox 156 1032 374 1071; x_wconf 89' lang='lat' dir='ltr'>remedium</span> <span class='ocrx_word' id='word_1_83' title='bbox 412 1031 575 1070; x_wconf 85' lang='lat' dir='ltr'>invenit.</span> <span class='ocrx_word' id='word_1_84' title='bbox 647 1031 830 1070; x_wconf 84' lang='lat' dir='ltr'>Dolabris</span> <span class='ocrx_word' id='word_1_85' title='bbox 871 1032 974 1069; x_wconf 88' lang='lat' dir='ltr'>enim</span> <span class='ocrx_word' id='word_1_86' title='bbox 1012 1032 1130 1070; x_wconf 91' lang='lat' dir='ltr'>silvas</span> <span class='ocrx_word' id='word_1_87' title='bbox 1174 1036 1348 1070; x_wconf 88' lang='lat' dir='ltr'>sternere</span> 
     </span>
     <span class='ocr_line' id='line_1_15' title="bbox 158 1096 1350 1147; baseline -0.001 -12"><span class='ocrx_word' id='word_1_88' title='bbox 158 1097 330 1147; x_wconf 81' lang='lat' dir='ltr'>adgressi</span> <span class='ocrx_word' id='word_1_89' title='bbox 350 1096 493 1147; x_wconf 83' lang='lat' dir='ltr'>passim</span> <span class='ocrx_word' id='word_1_90' title='bbox 515 1109 671 1134; x_wconf 83' lang='lat' dir='ltr'>acervos</span> <span class='ocrx_word' id='word_1_91' title='bbox 691 1102 896 1146; x_wconf 88' lang='lat' dir='ltr'>struesque</span> <span class='ocrx_word' id='word_1_92' title='bbox 919 1096 1192 1135; x_wconf 86' lang='lat' dir='ltr'>accenderunt.</span> <span class='ocrx_word' id='word_1_93' title='bbox 1250 1096 1350 1134; x_wconf 89' lang='lat' dir='ltr'>Con-</span> 
     </span>
     <span class='ocr_line' id='line_1_16' title="bbox 158 1160 1349 1199; baseline 0 -1"><span class='ocrx_word' id='word_1_94' title='bbox 158 1162 303 1199; x_wconf 87' lang='lat' dir='ltr'>tinenti</span> <span class='ocrx_word' id='word_1_95' title='bbox 332 1160 513 1199; x_wconf 89' lang='lat' dir='ltr'>incendio</span> <span class='ocrx_word' id='word_1_96' title='bbox 543 1160 678 1199; x_wconf 90' lang='lat' dir='ltr'>ardere</span> <span class='ocrx_word' id='word_1_97' title='bbox 705 1161 882 1199; x_wconf 85' lang='lat' dir='ltr'>crederes</span> <span class='ocrx_word' id='word_1_98' title='bbox 911 1160 1055 1199; x_wconf 90' lang='lat' dir='ltr'>saltum</span> <span class='ocrx_word' id='word_1_99' title='bbox 1084 1165 1124 1199; x_wconf 91' lang='lat' dir='ltr'>et</span> <span class='ocrx_word' id='word_1_100' title='bbox 1149 1161 1216 1199; x_wconf 83' lang='lat' dir='ltr'>vix</span> <span class='ocrx_word' id='word_1_101' title='bbox 1245 1160 1349 1199; x_wconf 79' lang='lat' dir='ltr'>inter</span> 
     </span>
     <span class='ocr_line' id='line_1_17' title="bbox 109 1225 1351 1276; baseline -0.001 -12"><span class='ocrx_word' id='word_1_102' title='bbox 109 1235 143 1268; x_wconf 82' lang='lat'>15</span> <span class='ocrx_word' id='word_1_103' title='bbox 158 1227 334 1264; x_wconf 84' lang='lat' dir='ltr'>flammas</span> <span class='ocrx_word' id='word_1_104' title='bbox 388 1225 608 1276; x_wconf 81' lang='lat' dir='ltr'>agminibus</span> <span class='ocrx_word' id='word_1_105' title='bbox 660 1225 841 1264; x_wconf 89' lang='lat' dir='ltr'>relictum</span> <span class='ocrx_word' id='word_1_106' title='bbox 893 1225 1030 1264; x_wconf 91' lang='lat' dir='ltr'>locum.</span> <span class='ocrx_word' id='word_1_107' title='bbox 1118 1225 1195 1264; x_wconf 88' lang='lat' dir='ltr'>Hic</span> <span class='ocrx_word' id='word_1_108' title='bbox 1247 1225 1351 1264; x_wconf 89' lang='lat' dir='ltr'>calor</span> 
     </span>
     <span class='ocr_line' id='line_1_18' title="bbox 159 1291 1348 1342; baseline -0.001 -13"><span class='ocrx_word' id='word_1_109' title='bbox 159 1291 359 1342; x_wconf 84' lang='lat' dir='ltr'>stupentia</span> <span class='ocrx_word' id='word_1_110' title='bbox 396 1291 572 1329; x_wconf 86' lang='lat' dir='ltr'>membra</span> <span class='ocrx_word' id='word_1_111' title='bbox 612 1291 824 1329; x_wconf 90' lang='lat' dir='ltr'>commovit</span> <span class='ocrx_word' id='word_1_112' title='bbox 866 1291 1133 1341; x_wconf 82' lang='lat' dir='ltr'>paulatimque</span> <span class='ocrx_word' id='word_1_113' title='bbox 1174 1291 1348 1341; x_wconf 87' lang='lat' dir='ltr'>spiritus,</span> 
     </span>
     <span class='ocr_line' id='line_1_19' title="bbox 159 1355 1351 1406; baseline -0.001 -12"><span class='ocrx_word' id='word_1_114' title='bbox 159 1370 275 1406; x_wconf 87' lang='lat' dir='ltr'>quem</span> <span class='ocrx_word' id='word_1_115' title='bbox 309 1356 558 1394; x_wconf 82' lang='lat' dir='ltr'>continuerat</span> <span class='ocrx_word' id='word_1_116' title='bbox 595 1355 711 1406; x_wconf 84' lang='lat' dir='ltr'>rigor,</span> <span class='ocrx_word' id='word_1_117' title='bbox 746 1369 875 1394; x_wconf 86' lang='lat' dir='ltr'>meare</span> <span class='ocrx_word' id='word_1_118' title='bbox 909 1356 1030 1393; x_wconf 85' lang='lat' dir='ltr'>libere</span> <span class='ocrx_word' id='word_1_119' title='bbox 1068 1356 1203 1406; x_wconf 90' lang='lat' dir='ltr'>coepit.</span> <span class='ocrx_word' id='word_1_120' title='bbox 1277 1355 1351 1394; x_wconf 87' lang='lat' dir='ltr'>Ex—</span> 
     </span>
     <span class='ocr_line' id='line_1_20' title="bbox 160 1420 1351 1470; baseline -0.001 -11"><span class='ocrx_word' id='word_1_121' title='bbox 160 1434 296 1470; x_wconf 90' lang='lat' dir='ltr'>cepere</span> <span class='ocrx_word' id='word_1_122' title='bbox 327 1420 421 1457; x_wconf 83' lang='lat' dir='ltr'>alios</span> <span class='ocrx_word' id='word_1_123' title='bbox 455 1424 559 1458; x_wconf 89' lang='lat' dir='ltr'>tecta</span> <span class='ocrx_word' id='word_1_124' title='bbox 584 1420 850 1465; x_wconf 87' lang='lat' dir='ltr'>barbarorum,</span> <span class='ocrx_word' id='word_1_125' title='bbox 882 1433 981 1470; x_wconf 84' lang='lat' dir='ltr'>quae</span> <span class='ocrx_word' id='word_1_126' title='bbox 1010 1420 1050 1458; x_wconf 90' lang='lat' dir='ltr'>in</span> <span class='ocrx_word' id='word_1_127' title='bbox 1080 1420 1219 1458; x_wconf 86' lang='lat' dir='ltr'>ultimo</span> <span class='ocrx_word' id='word_1_128' title='bbox 1248 1420 1351 1458; x_wconf 89' lang='lat' dir='ltr'>saltu</span> 
     </span>
     <span class='ocr_line' id='line_1_21' title="bbox 159 1484 1352 1534; baseline -0.001 -11"><span class='ocrx_word' id='word_1_129' title='bbox 159 1485 295 1523; x_wconf 85' lang='lat' dir='ltr'>abdita</span> <span class='ocrx_word' id='word_1_130' title='bbox 332 1484 540 1522; x_wconf 87' lang='lat' dir='ltr'>necessitas</span> <span class='ocrx_word' id='word_1_131' title='bbox 578 1484 911 1533; x_wconf 80' lang='lat' dir='ltr'>investigaverat:</span> <span class='ocrx_word' id='word_1_132' title='bbox 950 1484 1046 1522; x_wconf 87' lang='lat' dir='ltr'>alios</span> <span class='ocrx_word' id='word_1_133' title='bbox 1079 1489 1215 1531; x_wconf 83' lang='lat' dir='ltr'>castra,</span> <span class='ocrx_word' id='word_1_134' title='bbox 1252 1497 1352 1534; x_wconf 86' lang='lat' dir='ltr'>quae</span> 
     </span>
     <span class='ocr_line' id='line_1_22' title="bbox 108 1548 1353 1599; baseline 0.001 -13"><span class='ocrx_word' id='word_1_135' title='bbox 108 1550 200 1587; x_wconf 80' lang='lat' dir='ltr'>zoin</span> <span class='ocrx_word' id='word_1_136' title='bbox 227 1549 390 1587; x_wconf 89' lang='lat' dir='ltr'>humido</span> <span class='ocrx_word' id='word_1_137' title='bbox 417 1548 586 1599; x_wconf 87' lang='lat' dir='ltr'>quidem,</span> <span class='ocrx_word' id='word_1_138' title='bbox 616 1548 684 1586; x_wconf 87' lang='lat' dir='ltr'>sed</span> <span class='ocrx_word' id='word_1_139' title='bbox 710 1549 787 1586; x_wconf 89' lang='lat' dir='ltr'>iam</span> <span class='ocrx_word' id='word_1_140' title='bbox 814 1548 909 1586; x_wconf 84' lang='lat' dir='ltr'>caeli</span> <span class='ocrx_word' id='word_1_141' title='bbox 935 1550 1163 1587; x_wconf 88' lang='lat' dir='ltr'>mitescente</span> <span class='ocrx_word' id='word_1_142' title='bbox 1190 1550 1353 1587; x_wconf 86' lang='lat' dir='ltr'>saevitia</span> 
     </span>
     <span class='ocr_line' id='line_1_23' title="bbox 160 1613 1354 1663; baseline 0 -11"><span class='ocrx_word' id='word_1_143' title='bbox 160 1614 398 1652; x_wconf 70' lang='lat' dir='ltr'>locaverunt.</span> <span class='ocrx_word' id='word_1_144' title='bbox 458 1613 547 1651; x_wconf 91' lang='lat' dir='ltr'>Duo</span> <span class='ocrx_word' id='word_1_145' title='bbox 576 1613 684 1650; x_wconf 87' lang='lat' dir='ltr'>milia</span> <span class='ocrx_word' id='word_1_146' title='bbox 710 1613 880 1651; x_wconf 90' lang='lat' dir='ltr'>militum</span> <span class='ocrx_word' id='word_1_147' title='bbox 909 1618 1028 1663; x_wconf 89' lang='lat' dir='ltr'>atque</span> <span class='ocrx_word' id='word_1_148' title='bbox 1057 1613 1227 1652; x_wconf 84' lang='lat' dir='ltr'>lixarum</span> <span class='ocrx_word' id='word_1_149' title='bbox 1256 1614 1354 1652; x_wconf 91' lang='lat' dir='ltr'>calo—</span> 
     </span>
     <span class='ocr_line' id='line_1_24' title="bbox 160 1677 831 1728; baseline -0.001 -12"><span class='ocrx_word' id='word_1_150' title='bbox 160 1692 333 1728; x_wconf 85' lang='lat' dir='ltr'>numque</span> <span class='ocrx_word' id='word_1_151' title='bbox 353 1678 474 1728; x_wconf 89' lang='lat' dir='ltr'>pestis</span> <span class='ocrx_word' id='word_1_152' title='bbox 494 1677 561 1715; x_wconf 88' lang='lat' dir='ltr'>illa</span> <span class='ocrx_word' id='word_1_153' title='bbox 581 1677 831 1727; x_wconf 89' lang='lat' dir='ltr'>consumpsit.</span> 
     </span>
    </p>
   </div>
   <div class='ocr_carea' id='block_1_4' title="bbox 426 1780 1088 1821">
    <p class='ocr_par' dir='ltr' id='par_1_4' title="bbox 426 1780 1088 1821">
     <span class='ocr_line' id='line_1_25' title="bbox 426 1780 1088 1821; baseline 0.002 -10"><span class='ocrx_word' id='word_1_154' title='bbox 426 1784 490 1811; x_wconf 85' lang='lat'>60.</span> <span class='ocrx_word' id='word_1_155' title='bbox 524 1780 590 1811; x_wconf 70' lang='lat' dir='ltr'>The</span> <span class='ocrx_word' id='word_1_156' title='bbox 615 1780 690 1821; x_wconf 62' lang='lat' dir='ltr'>hug]</span> <span class='ocrx_word' id='word_1_157' title='bbox 713 1781 784 1811; x_wconf 77' lang='lat' dir='ltr'>and</span> <span class='ocrx_word' id='word_1_158' title='bbox 804 1780 856 1811; x_wconf 77' lang='lat' dir='ltr'>the</span> <span class='ocrx_word' id='word_1_159' title='bbox 879 1781 935 1812; x_wconf 67' lang='lat' dir='ltr'>old</span> <span class='ocrx_word' id='word_1_160' title='bbox 957 1781 1088 1812; x_wconf 72' lang='lat' dir='ltr'>soldier.</span> 
     </span>
    </p>
   </div>
   <div class='ocr_carea' id='block_1_5' title="bbox 162 1850 1354 2033">
    <p class='ocr_par' dir='ltr' id='par_1_5' title="bbox 162 1850 1354 2033">
     <span class='ocr_line' id='line_1_26' title="bbox 215 1850 1354 1902; baseline 0.003 -14"><span class='ocrx_word' id='word_1_161' title='bbox 215 1851 334 1889; x_wconf 88' lang='lat' dir='ltr'>Forte</span> <span class='ocrx_word' id='word_1_162' title='bbox 360 1850 524 1889; x_wconf 83' lang='lat' dir='ltr'>Macedo</span> <span class='ocrx_word' id='word_1_163' title='bbox 551 1851 751 1901; x_wconf 81' lang='lat' dir='ltr'>gregarius</span> <span class='ocrx_word' id='word_1_164' title='bbox 777 1851 889 1889; x_wconf 89' lang='lat' dir='ltr'>miles</span> <span class='ocrx_word' id='word_1_165' title='bbox 914 1865 1016 1900; x_wconf 70' lang='lat' dir='ltr'>aeyre</span> <span class='ocrx_word' id='word_1_166' title='bbox 1040 1865 1158 1902; x_wconf 87' lang='lat' dir='ltr'>seque</span> <span class='ocrx_word' id='word_1_167' title='bbox 1183 1858 1221 1890; x_wconf 91' lang='lat' dir='ltr'>et</span> <span class='ocrx_word' id='word_1_168' title='bbox 1247 1866 1354 1892; x_wconf 87' lang='lat' dir='ltr'>arma</span> 
     </span>
     <span class='ocr_line' id='line_1_27' title="bbox 162 1916 1354 1967; baseline 0.003 -15"><span class='ocrx_word' id='word_1_169' title='bbox 162 1920 400 1961; x_wconf 87' lang='lat' dir='ltr'>sustentans,</span> <span class='ocrx_word' id='word_1_170' title='bbox 440 1921 571 1953; x_wconf 86' lang='lat' dir='ltr'>tamen</span> <span class='ocrx_word' id='word_1_171' title='bbox 613 1916 654 1953; x_wconf 91' lang='lat' dir='ltr'>in</span> <span class='ocrx_word' id='word_1_172' title='bbox 693 1920 819 1953; x_wconf 84' lang='lat' dir='ltr'>castra</span> <span class='ocrx_word' id='word_1_173' title='bbox 862 1921 1116 1965; x_wconf 87' lang='lat' dir='ltr'>pervenerat:</span> <span class='ocrx_word' id='word_1_174' title='bbox 1156 1930 1233 1967; x_wconf 90' lang='lat' dir='ltr'>quo</span> <span class='ocrx_word' id='word_1_175' title='bbox 1271 1918 1354 1956; x_wconf 84' lang='lat' dir='ltr'>viso</span> 
     </span>
     <span class='ocr_line' id='line_1_28' title="bbox 163 1980 1353 2033; baseline 0.003 -16"><span class='ocrx_word' id='word_1_176' title='bbox 163 1994 242 2026; x_wconf 90' lang='lat' dir='ltr'>rex,</span> <span class='ocrx_word' id='word_1_177' title='bbox 292 1993 515 2030; x_wconf 83' lang='lat' dir='ltr'>quanquam</span> <span class='ocrx_word' id='word_1_178' title='bbox 563 1980 645 2030; x_wconf 90' lang='lat' dir='ltr'>ipse</span> <span class='ocrx_word' id='word_1_179' title='bbox 693 1984 778 2017; x_wconf 90' lang='lat' dir='ltr'>tum</span> <span class='ocrx_word' id='word_1_180' title='bbox 832 1980 1001 2018; x_wconf 85' lang='lat' dir='ltr'>maxime</span> <span class='ocrx_word' id='word_1_181' title='bbox 1054 1980 1213 2020; x_wconf 88' lang='lat' dir='ltr'>admoto</span> <span class='ocrx_word' id='word_1_182' title='bbox 1262 1982 1353 2033; x_wconf 80' lang='lat' dir='ltr'>igne</span> 
     </span>
    </p>
   </div>
  </div>
 </body>
</html>
