1461 2255
131 161 170 192 12
501 160 787 194 SELECTIONS
811 160 942 194 FROM

128 260 337 296 naturum!
394 258 493 296 Cum
526 258 599 296 1100
632 271 818 308 responso
852 257 1003 296 dimissi
1037 272 1125 297 suos
1158 273 1316 298 monere

128 327 351 372 coeperunt,
388 328 433 360 ut
470 335 613 372 regem,
649 335 766 372 quem
805 322 930 372 Syria,
965 336 1080 373 quem
1121 323 1316 363 Phoenice

129 387 347 438 recepisset,
370 387 445 437 ipsi
466 400 620 437 quoque
641 387 776 425 urbem
798 387 944 426 intrare
968 393 1207 438 paterentur.

409 513 469 540 13.
497 507 692 548 Difficulties
707 507 743 539 in
759 507 919 548 besieqiny
939 508 1037 548 Tyn-e.

182 580 237 618 At
257 580 314 617 illi
333 579 417 618 1000
437 579 531 617 satis
552 579 611 617 fisi
642 578 886 617 obsidionem
918 579 1019 617 ferre
1049 578 1314 617 decreverant.

129 645 311 694 Namque
358 644 495 682 urbem
542 658 564 682 a
602 643 822 682 continenti
869 648 1055 693 quattuor
1101 642 1315 681 stadiorum

127 709 272 747 fretum
301 708 468 747 dividit:
498 708 632 746 Africo
661 707 831 746 maxime
861 707 1054 745 obiectum
1085 707 1239 746 crebros
1268 720 1317 746 ex

129 773 207 811 alto
238 773 380 811 fluctus
411 772 453 810 in
486 772 580 809 litus
613 771 770 810 evolvit.
830 771 913 810 Nec
945 771 1170 822 accipiendo
1197 772 1315 822 operi,

97 851 204 891 5quo
236 836 471 876 Macedones
499 836 719 875 continenti
744 835 913 874 insulam
932 836 1094 887 iungere
1114 836 1316 887 parabant,

128 902 335 952 quicquam
366 901 489 952 magis
510 914 627 951 quam
648 900 713 939 ille
737 906 880 939 ventus
911 901 1107 940 obstabat.
1164 900 1318 951 Quippe

127 967 194 1004 vix
214 966 293 1004 leni
313 971 352 1004 et
373 965 588 1016 tranquillo
614 965 712 1003 mari
738 965 859 1004 moles
880 965 941 1016 agi
963 969 1138 1016 possunt,
1161 965 1318 1003 Africus

127 1045 220 1070 vero
258 1031 385 1081 prima
431 1043 607 1081 quaeque
655 1035 839 1081 congesta
876 1029 993 1080 pulsu
1039 1029 1154 1068 inlisa
1199 1030 1318 1068 maris

128 1096 305 1134 subruit:
336 1108 407 1133 nec
440 1095 520 1133 ulla
558 1099 639 1133 tam
678 1096 789 1132 firma
819 1094 940 1133 moles
974 1099 1043 1142 est,
1083 1107 1201 1145 quam
1239 1108 1317 1133 non

78 1180 115 1202 10
129 1160 300 1199 exedant
326 1159 454 1198 undae
475 1164 515 1197 et
535 1172 604 1209 per
622 1172 746 1197 nexus
773 1173 935 1210 operum
955 1164 1158 1197 manantes
1179 1164 1228 1206 et,
1251 1159 1317 1197 ubi

129 1225 252 1264 acrior
271 1225 386 1263 flatus
407 1224 554 1270 existit,
576 1225 717 1262 summi
748 1225 875 1275 operis
900 1224 1058 1275 fastigio
1078 1224 1314 1274 superfusae.

129 1291 291 1328 Praeter
328 1289 428 1327 hanc
466 1289 739 1327 difficultatem
776 1288 883 1327 haud
922 1290 1051 1328 minor
1097 1288 1172 1327 alia
1209 1294 1317 1327 erat:

128 1367 261 1392 muros
280 1359 485 1403 turresque
506 1353 614 1391 urbis
634 1353 851 1403 praealtum
873 1366 978 1392 mare
999 1353 1219 1392 ambiebat:
1240 1367 1318 1392 non

129 1423 328 1457 tormenta
361 1417 437 1455 nisi
470 1432 490 1455 e
523 1418 690 1456 navibus
724 1417 855 1468 procul
892 1431 1053 1456 excussa
1085 1418 1203 1465 mitti,
1239 1431 1319 1457 non

79 1500 113 1533 15
129 1483 252 1522 scalae
272 1483 475 1521 moenibus
497 1482 683 1532 adplicari
702 1487 909 1532 poterant:
930 1496 1113 1533 praeceps
1132 1483 1173 1521 in
1193 1482 1318 1521 salum

129 1561 265 1586 murus
284 1547 466 1598 pedestre
497 1547 759 1597 interceperat
790 1547 888 1586 iter:
913 1561 1033 1586 naves
1059 1561 1129 1585 nec
1149 1547 1320 1586 habebat

129 1626 198 1651 rex
215 1617 265 1659 et,
283 1612 315 1650 si
331 1611 579 1657 admovisset,
598 1611 815 1661 pendentes
832 1617 871 1649 et
890 1611 1091 1650 instabiles
1107 1612 1318 1650 missilibus

130 1677 250 1716 arceri
270 1681 463 1727 poterant.
523 1675 633 1714 Inter
648 1689 747 1726 quae
762 1689 883 1726 parva
903 1676 1010 1714 dictu
1030 1690 1091 1714 res
1110 1677 1317 1728 Tyriorum

132 1742 312 1780 fiduciam
343 1740 529 1779 accendit.
589 1740 972 1791 Carthaginiensium
1002 1741 1121 1791 legati
1151 1741 1201 1779 ad
1228 1741 1320 1779 0010-

79 1824 120 1845 20
132 1806 327 1845 brandum
366 1819 517 1843 sacrum
556 1805 868 1843 anniversarium
906 1819 1013 1843 more
1051 1806 1179 1857 patrio
1226 1811 1319 1844 tunc

76 1919 79 1920 ⁷
133 1875 348 1910 venerant:
388 1871 531 1920 quippe
570 1869 850 1920 Carthaginem
888 1870 998 1919 Tyrii
1045 1870 1317 1917 condiderunt,

134 1949 287 1986 semper
324 1940 533 1986 parentum
571 1934 654 1972 loco
693 1934 799 1971 culti.
868 1934 1030 1972 Hortari
1069 1948 1160 1985 ergo
1198 1934 1318 1973 Poeni

135 2005 357 2051 coeperunt,
397 2003 443 2037 111
480 1999 723 2037 obsidionem
763 1998 852 2036 forti
891 1999 1022 2037 animo
1068 2003 1319 2050 paterentur:
