1461 2255
437 153 648 192 QUINTUS
673 153 890 185 CURTIUS.
1221 155 1263 185 23

428 270 490 297 25.
520 266 668 306 Capture
692 266 734 306 of
750 266 801 297 the
826 266 900 306 city.

124 337 251 375 Biduo
272 336 414 376 deinde
443 336 493 374 ad
522 336 695 386 quietem
725 336 818 374 dato
849 335 1042 374 militibus
1071 337 1263 387 iussisque

23 432 26 434 v
72 406 111 440 et
131 401 290 440 classem
311 406 350 439 et
371 401 569 439 machinas
597 401 744 451 pariter
772 401 992 448 admovere,
1016 406 1062 439 ut
1091 402 1263 452 undique

71 465 219 504 territis
247 466 424 512 instaret,
458 465 540 515 ipse
571 466 611 502 in
641 465 873 503 altissimam
903 470 1053 503 turrem
1088 465 1264 505 ascendit

70 529 220 580 ingenti
248 530 391 576 animo,
414 529 586 580 periculo
616 530 785 568 maiore:
822 530 967 580 quippe
988 530 1095 580 regio
1119 530 1263 581 insigni

71 599 110 633 et
136 594 252 632 armis
278 594 520 645 fulgentibus
551 594 781 644 conspicuus
811 608 911 632 unus
940 595 1146 645 praecipue
1175 595 1263 633 telis

69 659 288 709 petebatur.
347 659 398 696 Et
419 658 538 709 digna
558 671 715 708 prorsus
736 658 959 708 spectaculo
980 659 1106 697 edidit
1123 675 1129 697 :
1167 659 1263 697 mul-

69 727 131 761 tos
160 736 180 761 e
209 723 330 761 muris
360 728 654 773 propugnantes
683 722 796 761 hasta
826 724 1035 770 transfixit,
1072 723 1263 773 quosdam

70 788 189 826 etiam
222 787 441 826 comminus
474 787 606 838 gladio
641 787 844 838 clipeoque
874 788 1051 838 inpulsos
1080 788 1264 838 praecipi-

70 851 182 899 tavit,
205 851 351 902 quippe
372 851 503 898 turris,
527 865 575 888 ex
597 864 673 901 qua
693 851 917 898 dimicabat,
940 851 1062 889 muris
1090 851 1264 890 hostium

70 915 354 966 propemodum
392 915 634 953 cohaerebat.
699 915 861 965 Iamque
900 915 1046 953 crebris
1076 916 1264 954 arietibus

69 993 253 1018 saxorum
290 993 462 1031 conpage
500 978 633 1017 laxata
670 980 919 1017 munimenta
957 979 1182 1018 defecerant
1224 984 1264 1019 et

70 1043 199 1082 classis
236 1044 453 1082 intraverat
499 1048 658 1094 portum
704 1048 744 1081 et
790 1043 951 1094 quidam
999 1044 1263 1082 Macedonum

69 1107 109 1145 in
129 1112 256 1146 turres
280 1108 453 1146 hostium
480 1107 655 1145 desertas
685 1112 913 1146 evaserant:
946 1121 1034 1146 cum
1058 1108 1179 1158 Tyrii,
1202 1113 1263 1146 tot

70 1172 185 1211 simul
204 1172 316 1210 malis
337 1172 442 1219 victi,
465 1172 531 1211 alii
552 1172 746 1223 supplices
776 1173 816 1210 in
837 1172 985 1222 templa
1015 1173 1259 1223 confugiunt,

69 1237 134 1276 alii
153 1237 303 1275 foribus
324 1236 481 1275 aedium
502 1237 906 1287 obseratis-occupant
927 1236 1095 1275 liberum
1124 1238 1262 1275 mortis

69 1302 286 1348 arbitrium,
327 1301 509 1340 nonnulli
548 1305 669 1339 ruunt
706 1301 747 1338 in
789 1301 945 1339 hostem
990 1301 1096 1339 haud
1143 1301 1262 1340 inulti

69 1372 199 1405 tamen
220 1366 396 1417 perituri,
419 1379 562 1416 magna
590 1379 679 1415 pars
709 1379 860 1403 summa
889 1370 1083 1404 tectorum
1114 1366 1263 1405 obtine-

68 1431 148 1479 bat,
163 1444 256 1469 saxa
277 1436 326 1478 et,
343 1429 528 1481 quidquid
544 1430 622 1468 fors
638 1430 679 1467 in
695 1443 833 1468 manus
850 1429 1024 1477 dederat,
1039 1430 1261 1481 ingerentes

68 1495 339 1534 subeuntibus.
728 1486 735 1492 ’

404 1602 466 1629 26.
496 1597 722 1630 Alexcmder’s
739 1608 928 1637 ὐεηζχεαησε.

122 1668 347 1707 Alexander
386 1669 574 1719 exceptis,
614 1669 682 1718 qui
720 1668 761 1706 in
799 1668 946 1719 templa
988 1669 1259 1719 confugerant,

69 1747 203 1773 omnes
229 1734 398 1772 interfici
425 1733 634 1783 ignemque
658 1733 772 1772 tectis
800 1733 890 1771 inici
912 1733 1033 1771 iubet.
1094 1734 1166 1772 His
1193 1747 1262 1784 per

68 1811 276 1850 praecones
305 1798 574 1848 pronuntiatis
604 1810 720 1836 nemo
741 1802 875 1836 tamen
904 1803 1076 1836 armatus
1097 1811 1209 1848 opem
1240 1813 1261 1836 a

68 1863 127 1901 dis
159 1868 292 1913 petere
324 1862 536 1901 sustinuit:
566 1862 678 1912 pueri
712 1862 961 1912 virginesque
995 1862 1144 1912 templa
1175 1875 1260 1900 con-

67 1928 282 1978 pleverant,
316 1927 390 1965 viri
420 1927 461 1964 in
492 1927 687 1965 vestibulo
720 1940 878 1964 suarum
910 1927 1076 1976 quisque
1103 1926 1259 1964 aedium

69 1992 235 2038 stabant,
276 1995 412 2041 parata
459 1991 725 2030 saevientibus
763 1991 888 2029 turba.
949 1990 1088 2028 Multis
1127 1996 1259 2029 tamen

1282 933 1318 955 10

1280 1253 1315 1285 15
