1461 2255
445 154 657 192 QUINTUS
681 153 900 186 CURTIUS.
1228 154 1270 185 25

81 251 174 302 quia
193 251 337 289 crebris
358 251 532 289 motibus
547 255 820 288 terrae—nam
835 250 909 288 hoc
925 263 1080 299 quoque
1100 249 1272 287 traditur

81 316 302 354 —cultores
341 315 423 354 eius
459 315 615 366 fatigati
654 328 757 353 nova
795 319 834 353 et
873 320 1038 353 externa
1075 313 1272 352 domicilia

81 380 199 418 armis
218 380 376 418 sibimet
396 393 582 430 quaerere
603 380 853 430 cogebantur.
912 378 1052 416 Multis
1074 391 1164 429 ergo
1181 379 1271 416 casi-

81 445 153 484 bus
182 444 367 483 defuncta
397 449 436 483 et
461 449 550 495 post
580 444 779 483 excidium
808 448 945 483 renata
974 457 1077 481 nunc
1110 443 1271 481 tandem
1290 463 1325 496 15

81 510 199 560 longa
234 523 328 560 pace
366 514 506 548 cuncta
543 510 746 554 refovente
785 509 859 547 sub
896 508 1023 547 tutela
1071 508 1271 547 Romanae

81 574 394 612 mansuetudinis
414 574 639 624 adquiescit.

498 699 564 726 28.
591 694 683 735 Siesse
700 694 742 734 of
753 695 854 726 Gaza.

137 770 322 809 Ceterum
360 770 598 817 Alexander,
639 784 757 820 quam
788 771 988 821 regionem
1023 770 1173 808 Dareus
1211 783 1272 820 pe-

83 835 206 881 tisset,
247 835 355 873 omni
393 848 484 873 cura
521 835 730 885 vestigans,
772 840 905 873 tamen
944 834 1148 885 explorare
1194 848 1274 872 non

83 904 238 950 poterat
267 912 375 938 more
406 899 576 949 quodam
607 899 815 938 Persarum
847 913 988 937 arcana
1013 913 1148 950 regum
1176 900 1274 937 mira

85 963 295 1002 celantium
321 963 408 1002 fide.
467 963 559 1002 Non
590 969 728 1012 metus,
762 978 841 1002 non
873 977 960 1014 spes
991 964 1096 1002 elicit
1126 977 1271 1010 vocem,

85 1042 162 1079 qua
181 1028 400 1079 prodantur
419 1028 582 1067 occulta.
639 1029 765 1067 Vetus
786 1028 990 1078 disciplina
1011 1041 1147 1079 regum
1163 1028 1274 1066 silen-
1311 1044 1328 1077 5

84 1093 185 1131 tium
211 1093 316 1132 vitae
342 1093 514 1144 periculo
541 1098 748 1132 sanxerat:
775 1093 909 1144 lingua
932 1093 1089 1144 gravius
1116 1093 1275 1143 castiga-

85 1162 161 1206 tur,
184 1171 301 1208 quam
328 1157 453 1196 ullum
473 1158 672 1208 probrum,
696 1172 764 1196 nec
785 1171 967 1209 magnam
988 1171 1070 1196 rem
1091 1158 1275 1196 sustineri

66 1256 69 1265 ζ
86 1235 198 1273 posse
218 1222 383 1260 credunt
403 1222 451 1260 ab
473 1236 528 1269 eo,
551 1223 613 1260 eui
632 1227 761 1261 tacere
781 1236 898 1273 grave
920 1223 980 1269 sit,
999 1222 1105 1273 quod
1126 1222 1275 1260 homini

85 1286 315 1325 facillimum
349 1286 520 1325 voluerit
553 1300 636 1325 esse
670 1292 823 1326 natura.
883 1287 944 1326 Ob
981 1287 1082 1325 hanc
1120 1300 1275 1325 causam

86 1351 313 1390 Alexander
343 1352 530 1399 omnium,
563 1365 662 1402 quae
694 1351 799 1402 apud
836 1351 992 1390 hostem
1031 1357 1272 1402 gererentur,
1294 1369 1331 1391 10

85 1416 245 1467 ignarus
291 1416 428 1454 urbem
476 1418 623 1454 Gazam
671 1417 886 1455 obsidebat.
960 1417 1147 1455 Praeerat
1188 1417 1276 1454 urbi

86 1480 204 1529 Betis,
228 1480 394 1518 eximiae
414 1481 455 1518 in
484 1494 616 1531 regem
645 1494 757 1519 suum
786 1481 889 1529 fidei,
911 1481 1143 1531 modicoque
1171 1494 1277 1531 prae-

85 1545 185 1584 sidio
223 1559 354 1583 muros
392 1545 565 1596 ingentis
603 1546 730 1597 operis
777 1547 973 1584 tuebatur.
1051 1546 1278 1584 Alexander

86 1610 291 1648 aestimato
325 1610 499 1649 locorum
530 1611 609 1649 situ
633 1611 695 1661 agi
720 1611 920 1649 cuniculos
951 1611 1076 1658 iussit,
1098 1611 1203 1649 facili
1235 1625 1277 1649 ac

87 1674 165 1713 levi
190 1675 310 1713 humo
334 1679 560 1726 acceptante
591 1675 784 1714 occultum
807 1689 924 1726 opus:
946 1676 1090 1726 quippe
1110 1675 1276 1713 multam
1295 1689 1330 1722 15

89 1739 277 1777 harenam
307 1739 481 1778 vicinum
515 1753 620 1778 mare
655 1741 813 1787 evomit,
850 1753 920 1778 nec
954 1753 1048 1778 saxa
1081 1745 1275 1790 cotesque,

87 1817 186 1854 quae
206 1804 462 1854 interpellent
485 1818 633 1855 spchS,
648 1805 818 1843 obstant.
876 1804 1004 1855 Igitur
1020 1805 1068 1842 ab
1089 1817 1133 1843 ea
1153 1810 1274 1855 parte,

88 1882 205 1919 quam
226 1868 413 1919 oppidani
434 1869 657 1920 conspicere
677 1883 756 1908 non
777 1874 946 1920 possent,
971 1882 1068 1919 opus
1089 1882 1210 1916 orsus,
1232 1874 1278 1907 ut

89 1947 111 1972 a
136 1947 250 1972 sensu
281 1933 362 1971 eius
393 1939 599 1980 averteret,
622 1939 749 1972 turres
780 1934 901 1971 muris
928 1933 1128 1971 admoveri
1154 1933 1273 1972 iubet.

89 1997 167 2037 Sed
205 1997 341 2036 eadem
378 1998 530 2045 humus,
571 1998 776 2037 movendis
815 1997 966 2036 inutilis
997 1998 1183 2045 turribus,
1216 1998 1277 2036 de·
1292 2016 1333 2039 20
