1461 2255
152 160 195 190 5⁶2
523 160 809 192 SELEOTIONS
842 161 972 193 FROM

98 274 139 295 20
152 255 331 304 precibus
352 256 525 306 ipsorum
546 256 781 294 reluctatum
801 270 915 308 aegre
935 258 1126 304 vicerunt,
1147 263 1193 297 ut
1213 259 1344 297 cibum

152 326 316 370 caperet.
382 322 546 371 Quoque
584 321 715 359 minus
745 322 874 360 caedis
902 322 1082 373 puderet,
1114 324 1196 361 iure
1226 323 1344 362 inter-

150 385 295 423 fectum
317 385 465 423 Clitum
487 385 723 424 Macedones
739 386 957 425 decernunt
971 387 1172 438 sepultura
1188 400 1344 439 quoque

150 450 398 499 prohibituri,
421 450 461 488 ni
478 464 545 488 rex
567 451 721 488 humari
742 451 928 490 iussisset.

524 575 586 601 5¹7.
613 570 672 601 An
695 570 815 602 athlete
840 571 966 604 indeed.

149 646 247 684 [This
263 645 426 677 occurred
449 646 484 676 in
502 646 728 677 Alexander's
744 647 923 688 campaign
944 647 1080 688 against
1098 648 1158 679 the
1179 648 1343 690 Sogdiani

190 700 225 730 in
241 701 333 738 328]

201 770 364 808 Nobiles
409 770 569 808 iuvenes
615 770 792 808 comitari
837 784 925 809 eum
970 772 1075 810 soliti
1120 772 1342 811 defecerant

147 840 303 883 praeter
348 834 590 884 Philippum.
673 834 897 884 Lysimachi
945 840 1029 874 erat
1075 836 1205 882 frater,
1256 842 1341 875 tum

146 899 317 949 primum
356 899 515 937 adultus
554 904 604 947 et,
646 899 751 949 quod
793 900 906 938 facile
944 900 1162 950 adpareret,
1198 900 1342 940 indolis

146 977 264 1002 rarae.
335 964 373 1002 Is
415 963 819 1014 pedes—incredibile
863 965 1098 1015 dictu—per
1139 975 1167 1003 D
1214 966 1342 1005 stadia

115 1033 302 1077 5vectum
347 1042 477 1079 regem
522 1029 731 1067 comitatus
776 1033 845 1076 est,
887 1042 1000 1080 saepe
1042 1043 1187 1080 equum
1226 1044 1341 1069 suum

145 1094 331 1132 offerente
370 1093 614 1143 Lysimacho,
650 1107 721 1132 nec
760 1098 901 1141 tamen,
935 1098 980 1132 ut
1013 1094 1287 1145 digrederetur
1319 1109 1341 1134 a

145 1171 244 1209 rege,
272 1158 369 1196 effici
397 1158 539 1208 potuit,
566 1171 655 1196 cum
683 1158 802 1196 lorica
830 1158 993 1196 indutus
1020 1172 1127 1197 arma
1154 1164 1337 1210 gestaret.

145 1223 266 1270 Idem,
303 1236 390 1261 cum
428 1228 663 1272 perventum
701 1228 803 1261 esset
836 1223 875 1260 in
915 1223 1069 1271 saltum,
1104 1223 1145 1261 in
1183 1237 1260 1274 quo
1299 1237 1338 1263 se

142 1288 299 1326 barbari
325 1288 569 1335 abdiderant,
592 1288 765 1326 nobilem
788 1288 913 1326 edidit
938 1302 1110 1339 pugnam
1131 1302 1338 1339 regemque

93 1367 130 1389 10
144 1353 360 1391 comminus
407 1366 494 1391 cum
540 1353 653 1391 hoste
701 1352 955 1391 dimicantem
1002 1353 1187 1403 protexit.
1259 1352 1338 1392 Sed

142 1424 351 1468 postquam
388 1418 544 1456 barbari
583 1418 623 1456 in
661 1418 794 1468 fugam
828 1418 937 1456 effusi
972 1418 1176 1456 deseruere
1206 1418 1336 1466 silvas,

143 1484 305 1531 animus,
338 1483 403 1533 qui
437 1483 479 1520 in
510 1483 648 1521 ardore
680 1496 832 1533 pugnae
864 1496 1004 1532 corpus
1033 1487 1334 1531 sustentaverat,

141 1548 259 1598 liquit
285 1547 491 1597 subitoque
519 1561 567 1585 ex
588 1547 772 1585 omnibus
797 1546 983 1585 membris
1010 1548 1168 1597 profuso
1195 1548 1336 1586 sudore

141 1613 288 1651 arboris
315 1613 517 1662 proximae
545 1612 672 1662 stipiti
699 1625 738 1649 se
765 1612 965 1662 adplicuit.
1024 1611 1179 1650 Deinde
1200 1625 1248 1650 ne
1268 1612 1336 1651 illo

90 1691 125 1723 15
141 1677 300 1728 quidem
320 1677 559 1715 adminiculo
580 1677 799 1715 sustinente
819 1676 999 1714 manibus
1025 1676 1128 1727 regis
1149 1682 1335 1727 exceptus

139 1746 209 1788 est,
257 1742 361 1779 inter
407 1755 503 1791 quas
551 1740 758 1791 conlapsus
803 1741 1059 1791 extinguitur.
1136 1741 1334 1780 Maestum

138 1819 269 1856 regem
290 1805 389 1843 alius
415 1805 520 1843 haud
547 1805 643 1843 levis
670 1805 782 1843 dolor
801 1806 963 1855 excepit.
1024 1805 1206 1856 Erigyius
1229 1806 1334 1844 inter

137 1870 259 1908 claros
280 1870 398 1907 duces
417 1870 567 1908 fuerat:
596 1883 711 1919 quem
736 1870 955 1907 extinctum
982 1883 1064 1908 esse
1090 1870 1207 1920 paulo
1227 1876 1330 1918 ante,

136 1947 253 1984 quam
291 1938 556 1972 reverteretur
593 1933 633 1970 in
672 1938 807 1980 castra,
845 1934 1041 1984 cognovit.
1113 1934 1332 1985 Utriusque

68 2013 111 2036 20
135 1999 250 2035 funus
271 1998 377 2035 omni
400 2002 591 2049 apparatu
612 2002 729 2048 atque
749 1997 897 2035 honore
918 1997 1157 2036 celebratum
1179 2003 1246 2037 est
