1461 2255
452 167 663 205 QUINTUS
691 167 910 199 OURTIUS.
1236 168 1277 198 53

273 322 336 349 58.
364 317 395 349 Α
422 317 541 348 violent
564 322 668 348 &torm
690 317 842 358 clienta-ys
864 317 917 348 the
939 316 1089 355 soldiers,

139 399 295 437 Primus
329 399 412 437 dies
446 399 624 449 quietum
658 399 734 437 iter
765 399 972 448 praebuit:
1006 399 1208 449 proximus
1242 398 1277 436 ei

85 463 261 501 nondum
308 463 467 513 quidem
521 463 757 514 procellosus
806 468 846 502 et
892 463 1029 510 tristis,
1077 462 1278 501 obscurior

85 531 217 566 tamen
250 528 417 578 pristino
446 541 526 566 non
555 529 637 566 sine
667 528 783 565 minis
813 528 1021 566 crescentis
1050 528 1141 565 mali
1172 541 1278 578 prae-

83 592 203 630 teriit.
266 593 401 631 Tertio
435 593 483 631 ab
517 593 626 631 omni
659 598 770 643 parte
804 593 899 631 caeli
929 595 1094 631 emicare
1122 592 1278 643 fulgura

83 661 133 702 et,
164 670 268 695 nunc
299 657 558 695 internitente
587 657 684 704 luce,
713 671 817 696 nunc
843 657 1011 704 condita,
1038 671 1117 695 non
1147 657 1277 695 oculos
1314 667 1330 699 5

83 721 200 760 modo
238 722 407 760 meantis
445 723 640 760 exercitus
678 722 746 760 sed
785 722 905 760 etiam
944 723 1094 760 animos
1132 727 1277 760 terrere

83 792 305 836 coeperunt.
378 786 474 824 Erat
516 800 638 837 prope
685 787 894 825 continuus
932 787 1028 825 caeli
1071 787 1202 837 fragor
1239 791 1279 824 et

82 851 228 901 passim
253 851 479 889 cadentium
506 851 715 889 fulminum
742 852 889 902 species
910 852 1111 889 visebatur
1137 851 1279 889 attoni-

81 915 210 965 tisque
257 916 416 954 auribus
463 920 625 966 stupens
672 929 812 967 agmen
860 929 930 954 nec
978 916 1160 966 progredi
1208 929 1277 954 nec

81 981 292 1019 consistere
321 981 501 1019 audebat.
569 981 670 1018 Tum
699 986 861 1031 repente
890 981 1016 1018 imber
1043 980 1275 1031 grandinem
1295 994 1331 1016 10

80 1045 274 1084 incutiens
328 1046 515 1084 torrentis
568 1045 685 1084 modo
740 1046 967 1084 effunditur.
1044 1046 1103 1083 Ac
1149 1046 1275 1096 primo

80 1110 240 1160 quidem
279 1110 397 1148 armis
435 1110 515 1148 suis
559 1111 654 1148 tecti
699 1116 943 1160 exceperant,
984 1109 1053 1148 sed
1090 1110 1167 1148 iam
1205 1123 1275 1148 nec

79 1174 250 1213 retinere
283 1187 392 1212 arma
423 1174 574 1212 lubrica
606 1174 778 1225 rigentes
812 1188 950 1212 manus
984 1180 1168 1224 poterant
1205 1188 1274 1212 nec

78 1239 154 1289 ipsi
174 1239 382 1286 destinare,
405 1239 445 1277 in
466 1253 583 1289 quam
604 1239 804 1290 regionem
829 1239 1080 1277 obverterent
1100 1252 1270 1289 corpora,

78 1317 167 1341 cum
194 1303 370 1354 undique
399 1304 645 1357 tempestatis
669 1303 859 1341 violentia
885 1304 1009 1341 maior
1034 1317 1152 1354 quam
1178 1304 1275 1342 vita-
1291 1318 1327 1351 15

78 1368 196 1406 batur
223 1373 451 1406 occurreret.
511 1368 616 1418 Ergo
646 1368 848 1406 ordinibus
879 1368 1017 1406 solutis
1047 1382 1115 1419 per
1143 1374 1272 1407 totum

77 1433 222 1471 saltum
238 1431 504 1471 errabundum
525 1446 665 1483 agmen
684 1433 894 1471 ferebatur.
947 1433 1147 1483 Multique
1164 1435 1272 1484 prius

77 1504 185 1536 metu
227 1511 345 1548 quam
387 1497 519 1536 labore
568 1498 774 1548 defatigati
820 1503 1118 1548 prostraverant
1163 1499 1271 1537 humi

76 1576 248 1613 corpora,
289 1576 526 1612 quamquam
573 1562 739 1600 imbrem
783 1563 843 1600 vis
889 1563 1044 1614 frigoris
1091 1570 1272 1602 concreto

76 1628 165 1679 gelu
192 1627 468 1666 adstrinxerat.
526 1627 608 1665 Alii
637 1640 676 1665 se
703 1627 906 1677 stipitibus
934 1628 1117 1666 arborum
1142 1628 1271 1667 admo·
1286 1646 1326 1667 20

75 1697 240 1731 verant:
285 1692 325 1730 id
362 1692 542 1742 plurimis
581 1697 620 1730 et
661 1692 944 1730 adminiculum
982 1698 1022 1731 et
1059 1694 1269 1745 suffugium

75 1763 171 1796 erat.
237 1757 321 1795 Nec
354 1757 514 1794 fallebat
547 1757 651 1806 ipsos
685 1757 802 1794 morti
835 1757 963 1795 locum
997 1757 1150 1808 eligere,
1182 1771 1270 1796 cum

75 1821 295 1860 immobiles
333 1821 465 1859 vitalis
504 1821 608 1859 calor
651 1820 874 1871 linqueret:
919 1821 987 1859 sed
1030 1827 1143 1872 grata
1186 1827 1270 1861 erat

74 1888 234 1938 pigritia
267 1899 474 1937 corporum
508 1886 683 1937 fatigatis
720 1899 791 1924 nec
824 1887 1057 1925 recusabant
1089 1887 1268 1939 extingui

75 1951 322 2001 quiescendo.
