<?xml version="1.0" encoding="UTF-8"?>
<!DOCTYPE html PUBLIC "-//W3C//DTD XHTML 1.0 Transitional//EN"
    "http://www.w3.org/TR/xhtml1/DTD/xhtml1-transitional.dtd">
<html xmlns="http://www.w3.org/1999/xhtml" xml:lang="en" lang="en">
 <head>
  <title>
</title>
<meta http-equiv="Content-Type" content="text/html;charset=utf-8" />
  <meta name='ocr-system' content='tesseract 3.04.00' />
  <meta name='ocr-capabilities' content='ocr_page ocr_carea ocr_par ocr_line ocrx_word'/>
</head>
<body>
  <div class='ocr_page' id='page_1' title='image "./selections00curtuoft_0021.png"; bbox 0 0 1461 2255; ppageno 0'>
   <div class='ocr_carea' id='block_1_1' title="bbox 465 168 1288 212">
    <p class='ocr_par' dir='ltr' id='par_1_1' title="bbox 465 168 1288 212">
     <span class='ocr_line' id='line_1_1' title="bbox 465 168 1288 212; baseline 0.002 -8"><span class='ocrx_word' id='word_1_1' title='bbox 465 168 676 212; x_wconf 81' lang='lat' dir='ltr'>QUINTUS</span> <span class='ocrx_word' id='word_1_2' title='bbox 701 172 916 206; x_wconf 81' lang='lat' dir='ltr'>CURTIUS.</span> <span class='ocrx_word' id='word_1_3' title='bbox 1268 173 1288 206; x_wconf 88' lang='lat'>9</span> 
     </span>
    </p>
   </div>
   <div class='ocr_carea' id='block_1_2' title="bbox 469 269 912 309">
    <p class='ocr_par' dir='ltr' id='par_1_2' title="bbox 469 269 912 309">
     <span class='ocr_line' id='line_1_2' title="bbox 469 269 912 309; baseline 0 -9"><span class='ocrx_word' id='word_1_4' title='bbox 469 274 501 301; x_wconf 83' lang='lat'>9.</span> <span class='ocrx_word' id='word_1_5' title='bbox 531 269 562 300; x_wconf 82' lang='lat' dir='ltr'>A</span> <span class='ocrx_word' id='word_1_6' title='bbox 589 269 746 309; x_wconf 67' lang='lat' dir='ltr'>kinyclom</span> <span class='ocrx_word' id='word_1_7' title='bbox 768 269 912 309; x_wconf 75' lang='lat' dir='ltr'>refused.</span> 
     </span>
    </p>
   </div>
   <div class='ocr_carea' id='block_1_3' title="bbox 56 333 1340 1806">
    <p class='ocr_par' dir='ltr' id='par_1_3' title="bbox 86 333 1340 1354">
     <span class='ocr_line' id='line_1_3' title="bbox 150 333 1288 385; baseline 0 -13"><span class='ocrx_word' id='word_1_8' title='bbox 150 335 198 372; x_wconf 89' lang='lat' dir='ltr'>In</span> <span class='ocrx_word' id='word_1_9' title='bbox 219 334 444 373; x_wconf 80' lang='lat' dir='ltr'>Phoenicen</span> <span class='ocrx_word' id='word_1_10' title='bbox 463 333 592 372; x_wconf 73' lang='lat' dir='ltr'>deinde</span> <span class='ocrx_word' id='word_1_11' title='bbox 613 334 816 372; x_wconf 88' lang='lat' dir='ltr'>descendit</span> <span class='ocrx_word' id='word_1_12' title='bbox 845 339 884 372; x_wconf 91' lang='lat' dir='ltr'>et</span> <span class='ocrx_word' id='word_1_13' title='bbox 914 334 1103 385; x_wconf 88' lang='lat' dir='ltr'>oppidum</span> <span class='ocrx_word' id='word_1_14' title='bbox 1131 334 1288 384; x_wconf 86' lang='lat' dir='ltr'>Byblon</span> 
     </span>
     <span class='ocr_line' id='line_1_4' title="bbox 96 398 1288 449; baseline 0 -12"><span class='ocrx_word' id='word_1_15' title='bbox 96 398 288 437; x_wconf 88' lang='lat' dir='ltr'>traditum</span> <span class='ocrx_word' id='word_1_16' title='bbox 308 399 464 449; x_wconf 85' lang='lat' dir='ltr'>recepit.</span> <span class='ocrx_word' id='word_1_17' title='bbox 524 398 623 436; x_wconf 88' lang='lat' dir='ltr'>Inde</span> <span class='ocrx_word' id='word_1_18' title='bbox 644 399 693 436; x_wconf 89' lang='lat' dir='ltr'>ad</span> <span class='ocrx_word' id='word_1_19' title='bbox 715 398 862 437; x_wconf 77' lang='lat' dir='ltr'>Sidona</span> <span class='ocrx_word' id='word_1_20' title='bbox 882 404 1046 437; x_wconf 85' lang='lat' dir='ltr'>ventum</span> <span class='ocrx_word' id='word_1_21' title='bbox 1067 404 1136 445; x_wconf 88' lang='lat' dir='ltr'>est,</span> <span class='ocrx_word' id='word_1_22' title='bbox 1153 399 1288 437; x_wconf 86' lang='lat' dir='ltr'>urbem</span> 
     </span>
     <span class='ocr_line' id='line_1_5' title="bbox 94 463 1288 513; baseline -0.002 -11"><span class='ocrx_word' id='word_1_23' title='bbox 94 467 294 502; x_wconf 86' lang='lat' dir='ltr'>vetustate</span> <span class='ocrx_word' id='word_1_24' title='bbox 313 463 495 513; x_wconf 79' lang='lat' dir='ltr'>famaque</span> <span class='ocrx_word' id='word_1_25' title='bbox 517 463 764 501; x_wconf 85' lang='lat' dir='ltr'>conditorum</span> <span class='ocrx_word' id='word_1_26' title='bbox 779 463 967 501; x_wconf 86' lang='lat' dir='ltr'>inclitam.</span> <span class='ocrx_word' id='word_1_27' title='bbox 1026 463 1233 513; x_wconf 79' lang='lat' dir='ltr'>Regnabat</span> <span class='ocrx_word' id='word_1_28' title='bbox 1248 463 1288 500; x_wconf 89' lang='lat' dir='ltr'>in</span> 
     </span>
     <span class='ocr_line' id='line_1_6' title="bbox 95 527 1288 581; baseline -0.002 -15"><span class='ocrx_word' id='word_1_29' title='bbox 95 541 140 566; x_wconf 88' lang='lat' dir='ltr'>ea</span> <span class='ocrx_word' id='word_1_30' title='bbox 175 527 320 574; x_wconf 83' lang='lat' dir='ltr'>Strato,</span> <span class='ocrx_word' id='word_1_31' title='bbox 356 527 476 566; x_wconf 85' lang='lat' dir='ltr'>Darei</span> <span class='ocrx_word' id='word_1_32' title='bbox 509 527 650 578; x_wconf 89' lang='lat' dir='ltr'>opibus</span> <span class='ocrx_word' id='word_1_33' title='bbox 684 527 842 566; x_wconf 87' lang='lat' dir='ltr'>adiutus</span> <span class='ocrx_word' id='word_1_34' title='bbox 847 558 1022 567; x_wconf 91' lang='grc'><strong>.....</strong></span> <span class='ocrx_word' id='word_1_35' title='bbox 1087 527 1164 566; x_wconf 80' lang='lat' dir='ltr'>Sed</span> <span class='ocrx_word' id='word_1_36' title='bbox 1190 527 1288 581; x_wconf 29' lang='lat' dir='ltr'>&#39;quia</span> 
     </span>
     <span class='ocr_line' id='line_1_7' title="bbox 94 592 1340 643; baseline -0.001 -12"><span class='ocrx_word' id='word_1_37' title='bbox 94 592 338 631; x_wconf 89' lang='lat' dir='ltr'>deditionem</span> <span class='ocrx_word' id='word_1_38' title='bbox 358 592 482 643; x_wconf 81' lang='lat' dir='ltr'>magis</span> <span class='ocrx_word' id='word_1_39' title='bbox 502 592 754 642; x_wconf 88' lang='lat' dir='ltr'>popularium</span> <span class='ocrx_word' id='word_1_40' title='bbox 781 606 898 642; x_wconf 89' lang='lat' dir='ltr'>quam</span> <span class='ocrx_word' id='word_1_41' title='bbox 927 606 996 630; x_wconf 89' lang='lat' dir='ltr'>sua</span> <span class='ocrx_word' id='word_1_42' title='bbox 1025 597 1165 643; x_wconf 90' lang='lat' dir='ltr'>sponte</span> <span class='ocrx_word' id='word_1_43' title='bbox 1194 592 1288 630; x_wconf 86' lang='lat' dir='ltr'>fece-</span> <span class='ocrx_word' id='word_1_44' title='bbox 1323 606 1340 639; x_wconf 87' lang='lat'>5</span> 
     </span>
     <span class='ocr_line' id='line_1_8' title="bbox 93 656 1284 708; baseline -0.002 -12"><span class='ocrx_word' id='word_1_45' title='bbox 93 663 164 704; x_wconf 91' lang='lat' dir='ltr'>rat,</span> <span class='ocrx_word' id='word_1_46' title='bbox 183 670 303 708; x_wconf 84' lang='lat' dir='ltr'>regno</span> <span class='ocrx_word' id='word_1_47' title='bbox 323 657 431 695; x_wconf 85' lang='lat' dir='ltr'>visus</span> <span class='ocrx_word' id='word_1_48' title='bbox 451 656 637 707; x_wconf 79' lang='lat' dir='ltr'>indignus</span> <span class='ocrx_word' id='word_1_49' title='bbox 659 657 1024 707; x_wconf 73' lang='lat' dir='ltr'>Hephaestionique</span> <span class='ocrx_word' id='word_1_50' title='bbox 1039 656 1284 707; x_wconf 87' lang='lat' dir='ltr'>permissum,</span> 
     </span>
     <span class='ocr_line' id='line_1_9' title="bbox 94 721 1287 772; baseline 0 -13"><span class='ocrx_word' id='word_1_51' title='bbox 94 726 147 770; x_wconf 87' lang='lat' dir='ltr'>ut,</span> <span class='ocrx_word' id='word_1_52' title='bbox 181 735 299 772; x_wconf 89' lang='lat' dir='ltr'>quem</span> <span class='ocrx_word' id='word_1_53' title='bbox 334 735 378 760; x_wconf 91' lang='lat' dir='ltr'>eo</span> <span class='ocrx_word' id='word_1_54' title='bbox 412 721 570 772; x_wconf 81' lang='lat' dir='ltr'>fastigio</span> <span class='ocrx_word' id='word_1_55' title='bbox 604 735 621 759; x_wconf 77' lang='lat' dir='ltr'>e</span> <span class='ocrx_word' id='word_1_56' title='bbox 654 721 827 759; x_wconf 82' lang='lat' dir='ltr'>Sidoniis</span> <span class='ocrx_word' id='word_1_57' title='bbox 862 721 1136 772; x_wconf 82' lang='lat' dir='ltr'>dignissimum</span> <span class='ocrx_word' id='word_1_58' title='bbox 1171 721 1287 759; x_wconf 88' lang='lat' dir='ltr'>arbit-</span> 
     </span>
     <span class='ocr_line' id='line_1_10' title="bbox 91 786 1287 837; baseline 0 -13"><span class='ocrx_word' id='word_1_59' title='bbox 91 792 255 833; x_wconf 86' lang='lat' dir='ltr'>raretur,</span> <span class='ocrx_word' id='word_1_60' title='bbox 279 786 538 824; x_wconf 83' lang='lat' dir='ltr'>constitueret</span> <span class='ocrx_word' id='word_1_61' title='bbox 557 800 699 837; x_wconf 82' lang='lat' dir='ltr'>regem.</span> <span class='ocrx_word' id='word_1_62' title='bbox 759 786 883 824; x_wconf 81' lang='lat' dir='ltr'>Erant</span> <span class='ocrx_word' id='word_1_63' title='bbox 908 786 1194 836; x_wconf 88' lang='lat' dir='ltr'>Hephaestioni</span> <span class='ocrx_word' id='word_1_64' title='bbox 1217 786 1287 824; x_wconf 70' lang='lat' dir='ltr'>duo</span> 
     </span>
     <span class='ocr_line' id='line_1_11' title="bbox 91 850 1284 901; baseline 0 -13"><span class='ocrx_word' id='word_1_65' title='bbox 91 850 277 901; x_wconf 88' lang='lat' dir='ltr'>hospites,</span> <span class='ocrx_word' id='word_1_66' title='bbox 314 850 407 889; x_wconf 87' lang='lat' dir='ltr'>clari</span> <span class='ocrx_word' id='word_1_67' title='bbox 445 850 550 889; x_wconf 88' lang='lat' dir='ltr'>inter</span> <span class='ocrx_word' id='word_1_68' title='bbox 588 864 679 889; x_wconf 90' lang='lat' dir='ltr'>suos</span> <span class='ocrx_word' id='word_1_69' title='bbox 716 851 901 889; x_wconf 90' lang='lat' dir='ltr'>iuvenes:</span> <span class='ocrx_word' id='word_1_70' title='bbox 946 851 1013 900; x_wconf 88' lang='lat' dir='ltr'>qui</span> <span class='ocrx_word' id='word_1_71' title='bbox 1050 851 1153 889; x_wconf 82' lang='lat' dir='ltr'>facta</span> <span class='ocrx_word' id='word_1_72' title='bbox 1190 850 1284 900; x_wconf 87' lang='lat' dir='ltr'>ipsis</span> 
     </span>
     <span class='ocr_line' id='line_1_12' title="bbox 90 915 1339 966; baseline 0.002 -12"><span class='ocrx_word' id='word_1_73' title='bbox 90 920 288 966; x_wconf 83' lang='lat' dir='ltr'>potestate</span> <span class='ocrx_word' id='word_1_74' title='bbox 334 915 526 966; x_wconf 84' lang='lat' dir='ltr'>regnandi</span> <span class='ocrx_word' id='word_1_75' title='bbox 574 920 830 966; x_wconf 78' lang='lat' dir='ltr'>negaverunt,</span> <span class='ocrx_word' id='word_1_76' title='bbox 872 929 1107 965; x_wconf 85' lang='lat' dir='ltr'>quemquam</span> <span class='ocrx_word' id='word_1_77' title='bbox 1155 915 1282 966; x_wconf 86' lang='lat' dir='ltr'>patrio</span> <span class='ocrx_word' id='word_1_78' title='bbox 1302 934 1339 956; x_wconf 93' lang='lat'>10</span> 
     </span>
     <span class='ocr_line' id='line_1_13' title="bbox 90 979 1281 1030; baseline -0.002 -11"><span class='ocrx_word' id='word_1_79' title='bbox 90 993 197 1019; x_wconf 88' lang='lat' dir='ltr'>more</span> <span class='ocrx_word' id='word_1_80' title='bbox 226 980 267 1018; x_wconf 89' lang='lat' dir='ltr'>in</span> <span class='ocrx_word' id='word_1_81' title='bbox 292 980 333 1018; x_wconf 91' lang='lat' dir='ltr'>id</span> <span class='ocrx_word' id='word_1_82' title='bbox 362 980 565 1030; x_wconf 72' lang='lat' dir='ltr'>fastigium</span> <span class='ocrx_word' id='word_1_83' title='bbox 594 980 724 1030; x_wconf 85' lang='lat' dir='ltr'>recipi,</span> <span class='ocrx_word' id='word_1_84' title='bbox 748 979 823 1017; x_wconf 89' lang='lat' dir='ltr'>nisi</span> <span class='ocrx_word' id='word_1_85' title='bbox 852 980 959 1030; x_wconf 82' lang='lat' dir='ltr'>regia</span> <span class='ocrx_word' id='word_1_86' title='bbox 988 979 1110 1030; x_wconf 90' lang='lat' dir='ltr'>stirpe</span> <span class='ocrx_word' id='word_1_87' title='bbox 1139 984 1281 1018; x_wconf 86' lang='lat' dir='ltr'>ortum.</span> 
     </span>
     <span class='ocr_line' id='line_1_14' title="bbox 89 1044 1284 1095; baseline 0 -13"><span class='ocrx_word' id='word_1_88' title='bbox 89 1044 321 1083; x_wconf 75' lang='lat' dir='ltr'>Admiratus</span> <span class='ocrx_word' id='word_1_89' title='bbox 360 1044 631 1095; x_wconf 73' lang='lat' dir='ltr'>Hephaestion</span> <span class='ocrx_word' id='word_1_90' title='bbox 669 1044 985 1095; x_wconf 71' lang='lat' dir='ltr'>magnitudinem</span> <span class='ocrx_word' id='word_1_91' title='bbox 1024 1045 1143 1083; x_wconf 86' lang='lat' dir='ltr'>animi</span> <span class='ocrx_word' id='word_1_92' title='bbox 1181 1058 1284 1094; x_wconf 86' lang='lat' dir='ltr'>sper-</span> 
     </span>
     <span class='ocr_line' id='line_1_15' title="bbox 88 1109 1281 1160; baseline 0 -13"><span class='ocrx_word' id='word_1_93' title='bbox 88 1109 230 1157; x_wconf 86' lang='lat' dir='ltr'>nentis,</span> <span class='ocrx_word' id='word_1_94' title='bbox 255 1109 361 1160; x_wconf 91' lang='lat' dir='ltr'>quod</span> <span class='ocrx_word' id='word_1_95' title='bbox 387 1109 454 1147; x_wconf 89' lang='lat' dir='ltr'>alii</span> <span class='ocrx_word' id='word_1_96' title='bbox 480 1123 549 1160; x_wconf 89' lang='lat' dir='ltr'>per</span> <span class='ocrx_word' id='word_1_97' title='bbox 574 1110 684 1160; x_wconf 82' lang='lat' dir='ltr'>ignes</span> <span class='ocrx_word' id='word_1_98' title='bbox 713 1110 939 1159; x_wconf 84' lang='lat' dir='ltr'>ferrumque</span> <span class='ocrx_word' id='word_1_99' title='bbox 965 1114 1155 1160; x_wconf 83' lang='lat' dir='ltr'>peterent,</span> <span class='ocrx_word' id='word_1_100' title='bbox 1181 1109 1281 1147; x_wconf 87' lang='lat' dir='ltr'>‘Vos</span> 
     </span>
     <span class='ocr_line' id='line_1_16' title="bbox 88 1174 1281 1224; baseline -0.001 -12"><span class='ocrx_word' id='word_1_101' title='bbox 88 1174 247 1224; x_wconf 89' lang='lat' dir='ltr'>quidem</span> <span class='ocrx_word' id='word_1_102' title='bbox 295 1174 413 1212; x_wconf 88' lang='lat' dir='ltr'>macti</span> <span class='ocrx_word' id='word_1_103' title='bbox 460 1175 630 1220; x_wconf 85' lang='lat' dir='ltr'>virtute‚’</span> <span class='ocrx_word' id='word_1_104' title='bbox 669 1174 810 1224; x_wconf 88' lang='lat' dir='ltr'>inquit,</span> <span class='ocrx_word' id='word_1_105' title='bbox 854 1178 1013 1222; x_wconf 82' lang='lat' dir='ltr'>‘estote,</span> <span class='ocrx_word' id='word_1_106' title='bbox 1054 1174 1121 1224; x_wconf 90' lang='lat' dir='ltr'>qui</span> <span class='ocrx_word' id='word_1_107' title='bbox 1164 1174 1281 1224; x_wconf 88' lang='lat' dir='ltr'>primi</span> 
     </span>
     <span class='ocr_line' id='line_1_17' title="bbox 86 1238 1334 1290; baseline -0.001 -13"><span class='ocrx_word' id='word_1_108' title='bbox 86 1239 349 1287; x_wconf 81' lang='lat' dir='ltr'>intellexistis,</span> <span class='ocrx_word' id='word_1_109' title='bbox 390 1244 538 1289; x_wconf 87' lang='lat' dir='ltr'>quanto</span> <span class='ocrx_word' id='word_1_110' title='bbox 577 1239 702 1277; x_wconf 88' lang='lat' dir='ltr'>maius</span> <span class='ocrx_word' id='word_1_111' title='bbox 745 1244 846 1276; x_wconf 87' lang='lat' dir='ltr'>esset</span> <span class='ocrx_word' id='word_1_112' title='bbox 892 1252 1057 1290; x_wconf 77' lang='lat' dir='ltr'>regnum</span> <span class='ocrx_word' id='word_1_113' title='bbox 1103 1238 1280 1276; x_wconf 86' lang='lat' dir='ltr'>fastidire</span> <span class='ocrx_word' id='word_1_114' title='bbox 1298 1254 1334 1287; x_wconf 87' lang='lat'>15</span> 
     </span>
     <span class='ocr_line' id='line_1_18' title="bbox 86 1303 1276 1354; baseline -0.002 -12"><span class='ocrx_word' id='word_1_115' title='bbox 86 1317 204 1354; x_wconf 89' lang='lat' dir='ltr'>quam</span> <span class='ocrx_word' id='word_1_116' title='bbox 225 1304 409 1354; x_wconf 87' lang='lat' dir='ltr'>accipere.</span> <span class='ocrx_word' id='word_1_117' title='bbox 468 1303 654 1342; x_wconf 85' lang='lat' dir='ltr'>Ceterum</span> <span class='ocrx_word' id='word_1_118' title='bbox 675 1303 766 1341; x_wconf 88' lang='lat' dir='ltr'>date</span> <span class='ocrx_word' id='word_1_119' title='bbox 787 1303 958 1353; x_wconf 77' lang='lat' dir='ltr'>aliquem</span> <span class='ocrx_word' id='word_1_120' title='bbox 979 1303 1108 1354; x_wconf 76' lang='lat' dir='ltr'>regiae</span> <span class='ocrx_word' id='word_1_121' title='bbox 1132 1303 1276 1352; x_wconf 84' lang='lat' dir='ltr'>stirpis,</span> 
     </span>
    </p>

    <p class='ocr_par' dir='ltr' id='par_1_4' title="bbox 56 1368 1332 1806">
     <span class='ocr_line' id='line_1_19' title="bbox 56 1368 1278 1419; baseline -0.002 -12"><span class='ocrx_word' id='word_1_122' title='bbox 56 1377 61 1381; x_wconf 86' lang='lat'>&#39;</span> <span class='ocrx_word' id='word_1_123' title='bbox 86 1369 153 1419; x_wconf 92' lang='lat' dir='ltr'>qui</span> <span class='ocrx_word' id='word_1_124' title='bbox 178 1368 404 1407; x_wconf 87' lang='lat' dir='ltr'>meminerit</span> <span class='ocrx_word' id='word_1_125' title='bbox 429 1382 450 1406; x_wconf 88' lang='lat' dir='ltr'>a</span> <span class='ocrx_word' id='word_1_126' title='bbox 473 1368 585 1407; x_wconf 87' lang='lat' dir='ltr'>vobis</span> <span class='ocrx_word' id='word_1_127' title='bbox 615 1372 818 1418; x_wconf 86' lang='lat' dir='ltr'>acceptum</span> <span class='ocrx_word' id='word_1_128' title='bbox 847 1368 992 1406; x_wconf 88' lang='lat' dir='ltr'>habere</span> <span class='ocrx_word' id='word_1_129' title='bbox 1021 1381 1060 1405; x_wconf 90' lang='lat' dir='ltr'>se</span> <span class='ocrx_word' id='word_1_130' title='bbox 1090 1370 1278 1418; x_wconf 79' lang='lat' dir='ltr'>1·egnum.&#39;</span> 
     </span>
     <span class='ocr_line' id='line_1_20' title="bbox 84 1432 1280 1484; baseline 0 -13"><span class='ocrx_word' id='word_1_131' title='bbox 84 1433 218 1484; x_wconf 87' lang='lat' dir='ltr'>Atque</span> <span class='ocrx_word' id='word_1_132' title='bbox 238 1433 307 1479; x_wconf 86' lang='lat' dir='ltr'>illi,</span> <span class='ocrx_word' id='word_1_133' title='bbox 323 1446 411 1471; x_wconf 89' lang='lat' dir='ltr'>cum</span> <span class='ocrx_word' id='word_1_134' title='bbox 431 1433 577 1471; x_wconf 88' lang='lat' dir='ltr'>multos</span> <span class='ocrx_word' id='word_1_135' title='bbox 598 1432 803 1471; x_wconf 87' lang='lat' dir='ltr'>imminere</span> <span class='ocrx_word' id='word_1_136' title='bbox 823 1437 956 1470; x_wconf 87' lang='lat' dir='ltr'>tantae</span> <span class='ocrx_word' id='word_1_137' title='bbox 978 1432 1059 1482; x_wconf 88' lang='lat' dir='ltr'>spei</span> <span class='ocrx_word' id='word_1_138' title='bbox 1076 1437 1280 1471; x_wconf 85' lang='lat' dir='ltr'>cernerent</span> 
     </span>
     <span class='ocr_line' id='line_1_21' title="bbox 84 1497 1276 1549; baseline -0.003 -12"><span class='ocrx_word' id='word_1_139' title='bbox 84 1498 247 1549; x_wconf 85' lang='lat' dir='ltr'>singulis</span> <span class='ocrx_word' id='word_1_140' title='bbox 276 1498 488 1536; x_wconf 86' lang='lat' dir='ltr'>amicorum</span> <span class='ocrx_word' id='word_1_141' title='bbox 517 1497 737 1535; x_wconf 84' lang='lat' dir='ltr'>Alexandri</span> <span class='ocrx_word' id='word_1_142' title='bbox 767 1498 816 1535; x_wconf 91' lang='lat' dir='ltr'>ob</span> <span class='ocrx_word' id='word_1_143' title='bbox 845 1497 1007 1534; x_wconf 84' lang='lat' dir='ltr'>nimiam</span> <span class='ocrx_word' id='word_1_144' title='bbox 1037 1497 1146 1547; x_wconf 82' lang='lat' dir='ltr'>regni</span> <span class='ocrx_word' id='word_1_145' title='bbox 1176 1498 1276 1547; x_wconf 82' lang='lat' dir='ltr'>cupi·</span> 
     </span>
     <span class='ocr_line' id='line_1_22' title="bbox 83 1562 1332 1612; baseline -0.002 -11"><span class='ocrx_word' id='word_1_146' title='bbox 83 1563 248 1602; x_wconf 87' lang='lat' dir='ltr'>ditatem</span> <span class='ocrx_word' id='word_1_147' title='bbox 278 1562 496 1609; x_wconf 80' lang='lat' dir='ltr'>adulantes,</span> <span class='ocrx_word' id='word_1_148' title='bbox 528 1566 711 1600; x_wconf 87' lang='lat' dir='ltr'>statuunt</span> <span class='ocrx_word' id='word_1_149' title='bbox 740 1562 938 1600; x_wconf 89' lang='lat' dir='ltr'>neminem</span> <span class='ocrx_word' id='word_1_150' title='bbox 968 1575 1049 1599; x_wconf 85' lang='lat' dir='ltr'>esse</span> <span class='ocrx_word' id='word_1_151' title='bbox 1084 1562 1274 1612; x_wconf 88' lang='lat' dir='ltr'>potiorem</span> <span class='ocrx_word' id='word_1_152' title='bbox 1291 1577 1332 1599; x_wconf 88' lang='lat'>20</span> 
     </span>
     <span class='ocr_line' id='line_1_23' title="bbox 82 1626 1276 1679; baseline -0.002 -13"><span class='ocrx_word' id='word_1_153' title='bbox 82 1641 201 1679; x_wconf 89' lang='lat' dir='ltr'>quam</span> <span class='ocrx_word' id='word_1_154' title='bbox 239 1627 564 1677; x_wconf 88' lang='lat' dir='ltr'>Abdalonymum</span> <span class='ocrx_word' id='word_1_155' title='bbox 602 1627 809 1677; x_wconf 87' lang='lat' dir='ltr'>quendam,</span> <span class='ocrx_word' id='word_1_156' title='bbox 846 1626 964 1676; x_wconf 81' lang='lat' dir='ltr'>longa</span> <span class='ocrx_word' id='word_1_157' title='bbox 1012 1626 1171 1676; x_wconf 89' lang='lat' dir='ltr'>quidem</span> <span class='ocrx_word' id='word_1_158' title='bbox 1219 1640 1276 1664; x_wconf 87' lang='lat' dir='ltr'>co-</span> 
     </span>
     <span class='ocr_line' id='line_1_24' title="bbox 81 1690 1274 1743; baseline -0.002 -13"><span class='ocrx_word' id='word_1_159' title='bbox 81 1693 268 1743; x_wconf 84' lang='lat' dir='ltr'>gnatione</span> <span class='ocrx_word' id='word_1_160' title='bbox 306 1691 420 1742; x_wconf 86' lang='lat' dir='ltr'>stirpi</span> <span class='ocrx_word' id='word_1_161' title='bbox 459 1691 588 1742; x_wconf 80' lang='lat' dir='ltr'>regiae</span> <span class='ocrx_word' id='word_1_162' title='bbox 636 1691 846 1739; x_wconf 81' lang='lat' dir='ltr'>adnexum,</span> <span class='ocrx_word' id='word_1_163' title='bbox 888 1690 956 1729; x_wconf 93' lang='lat' dir='ltr'>sed</span> <span class='ocrx_word' id='word_1_164' title='bbox 1004 1691 1054 1729; x_wconf 91' lang='lat' dir='ltr'>ob</span> <span class='ocrx_word' id='word_1_165' title='bbox 1102 1691 1274 1742; x_wconf 88' lang='lat' dir='ltr'>inopiam</span> 
     </span>
     <span class='ocr_line' id='line_1_25' title="bbox 81 1755 1041 1806; baseline -0.003 -11"><span class='ocrx_word' id='word_1_166' title='bbox 81 1757 350 1795; x_wconf 84' lang='lat' dir='ltr'>suburbanum</span> <span class='ocrx_word' id='word_1_167' title='bbox 371 1756 531 1794; x_wconf 87' lang='lat' dir='ltr'>hortum</span> <span class='ocrx_word' id='word_1_168' title='bbox 553 1755 696 1806; x_wconf 81' lang='lat' dir='ltr'>exigua</span> <span class='ocrx_word' id='word_1_169' title='bbox 716 1755 909 1794; x_wconf 84' lang='lat' dir='ltr'>colentem</span> <span class='ocrx_word' id='word_1_170' title='bbox 930 1755 1041 1805; x_wconf 88' lang='lat' dir='ltr'>stipe.</span> 
     </span>
    </p>
   </div>
   <div class='ocr_carea' id='block_1_4' title="bbox 391 1887 970 1929">
    <p class='ocr_par' dir='ltr' id='par_1_5' title="bbox 391 1887 970 1929">
     <span class='ocr_line' id='line_1_26' title="bbox 391 1887 970 1929; baseline -0.003 -9"><span class='ocrx_word' id='word_1_171' title='bbox 391 1893 452 1920; x_wconf 89' lang='lat'>10.</span> <span class='ocrx_word' id='word_1_172' title='bbox 485 1889 552 1919; x_wconf 74' lang='lat' dir='ltr'>The</span> <span class='ocrx_word' id='word_1_173' title='bbox 575 1889 740 1929; x_wconf 63' lang='lat' dir='ltr'>yarclenm·</span> <span class='ocrx_word' id='word_1_174' title='bbox 764 1888 859 1919; x_wconf 62' lang='lat' dir='ltr'>micale</span> <span class='ocrx_word' id='word_1_175' title='bbox 883 1887 970 1927; x_wconf 67' lang='lat' dir='ltr'>lciny.</span> 
     </span>
    </p>
   </div>
   <div class='ocr_carea' id='block_1_5' title="bbox 79 1952 1272 2069">
    <p class='ocr_par' dir='ltr' id='par_1_6' title="bbox 79 1952 1272 2069">
     <span class='ocr_line' id='line_1_27' title="bbox 133 1952 1271 2004; baseline -0.003 -11"><span class='ocrx_word' id='word_1_176' title='bbox 133 1954 261 1993; x_wconf 85' lang='lat' dir='ltr'>Causa</span> <span class='ocrx_word' id='word_1_177' title='bbox 280 1954 315 1992; x_wconf 93' lang='lat' dir='ltr'>ei</span> <span class='ocrx_word' id='word_1_178' title='bbox 335 1953 582 2004; x_wconf 85' lang='lat' dir='ltr'>paupertatis</span> <span class='ocrx_word' id='word_1_179' title='bbox 607 1953 708 1990; x_wconf 88' lang='lat' dir='ltr'>sicut</span> <span class='ocrx_word' id='word_1_180' title='bbox 737 1952 931 2002; x_wconf 81' lang='lat' dir='ltr'>plerisque</span> <span class='ocrx_word' id='word_1_181' title='bbox 961 1952 1137 2002; x_wconf 83' lang='lat' dir='ltr'>probitas</span> <span class='ocrx_word' id='word_1_182' title='bbox 1166 1957 1271 1990; x_wconf 80' lang='lat' dir='ltr'>erat:</span> 
     </span>
     <span class='ocr_line' id='line_1_28' title="bbox 79 2017 1272 2069; baseline -0.003 -11"><span class='ocrx_word' id='word_1_183' title='bbox 79 2019 337 2068; x_wconf 88' lang='lat' dir='ltr'>intentusque</span> <span class='ocrx_word' id='word_1_184' title='bbox 376 2018 485 2069; x_wconf 85' lang='lat' dir='ltr'>operi</span> <span class='ocrx_word' id='word_1_185' title='bbox 522 2018 666 2056; x_wconf 89' lang='lat' dir='ltr'>diurno</span> <span class='ocrx_word' id='word_1_186' title='bbox 704 2017 914 2067; x_wconf 86' lang='lat' dir='ltr'>strepitum</span> <span class='ocrx_word' id='word_1_187' title='bbox 956 2030 1165 2065; x_wconf 87' lang='lat' dir='ltr'>armorum,</span> <span class='ocrx_word' id='word_1_188' title='bbox 1205 2017 1272 2067; x_wconf 87' lang='lat' dir='ltr'>qui</span> 
     </span>
    </p>
   </div>
  </div>
 </body>
</html>
