1461 2255
421 169 632 209 QUINTUS
657 170 875 203 CURTIUS.
1203 172 1241 204 31

57 267 229 305 medium
285 280 423 305 nemus
478 280 549 317 pro
601 280 687 305 arce
734 267 892 312 habent,
941 266 1088 317 triplici
1134 280 1246 305 muro

57 329 353 367 circumdatum.
411 328 544 366 Prima
577 329 746 366 munitio
776 333 1038 378 tyrannorum
1068 333 1245 367 veterum

55 393 202 444 regiam
241 393 403 431 clausit:
450 393 492 430 in
529 393 709 443 proxima
747 393 930 443 coniuges
978 406 1112 431 eorum
1158 407 1244 431 cum

54 457 187 496 liberis
225 457 481 495 habitabant:
528 457 591 495 hic
630 470 785 507 quoqne
824 457 886 495 dei
925 457 1123 496 oraculum
1162 464 1243 496 est:

54 522 194 561 ultima
223 522 469 560 munimenta
498 521 714 560 satellitum
743 522 1104 573 armigerorumque
1134 523 1243 562 sedes
1258 536 1298 568 25

54 591 175 625 erant.

161 716 222 744 35.
255 713 323 744 The
348 712 535 753 womlefful
557 712 675 753 spring!
698 713 769 744 (1171ch
793 713 844 744 the
867 717 1001 753 straugse
1024 712 1142 754 ima-qe.

105 782 177 820 Est
206 788 246 821 et
273 782 382 820 aliud
412 782 646 821 Hammonis
675 796 837 821 nemus:
884 782 926 820 in
955 783 1085 822 medio
1123 784 1243 822 habet

50 847 358 885 fontem—Solis
379 860 520 897 aquam
542 852 693 885 vocant.
744 846 825 885 Sub
845 847 942 885 lucis
963 853 1093 885 ortum
1109 849 1243 898 tepida

50 916 194 960 manat,
230 911 359 950 medio
393 911 466 959 die,
499 911 609 949 cuius
642 911 1010 950 vehementissimus
1039 919 1098 951 est
1126 913 1238 961 calor,

48 975 193 1026 frigida
226 976 362 1014 eadem
396 976 493 1023 fluit,
526 975 715 1014 inclinato
752 976 793 1014 in
831 989 1035 1027 vesperam
1073 977 1237 1024 calescit,

48 1040 178 1079 media
215 1045 328 1078 nocte
356 1040 510 1078 fervida
538 1045 754 1089 exaestuat,
787 1054 943 1091 quoque
972 1055 1052 1079 nox
1081 1043 1240 1092 propius
1277 1061 1293 1093 5

47 1104 176 1155 vergit
195 1104 244 1143 ad
265 1104 405 1153 lucem,
419 1105 590 1143 multum
610 1118 659 1143 ex
678 1110 872 1144 nocturno
893 1106 1018 1144 calore
1039 1105 1237 1153 decrescit,

48 1169 171 1208 donec
192 1170 264 1207 sub
284 1169 415 1220 ipsum
429 1169 507 1207 dici
523 1174 654 1208 ortum
671 1169 835 1208 adsueto
850 1175 986 1221 tepore
1002 1170 1236 1222 languescat.

46 1233 103 1282 Id,
126 1233 217 1284 quod
236 1247 306 1284 pro
328 1234 402 1272 deo
431 1234 583 1281 colitur,
606 1248 686 1273 non
715 1235 882 1273 eandem
912 1235 1077 1286 effigiem
1106 1236 1236 1284 habet,

46 1311 163 1348 quam
183 1298 302 1349 vulgo
323 1298 397 1337 diis
418 1299 585 1337 artifices
607 1299 1022 1339 accommodaverunt:
1052 1300 1238 1339 umbilico

46 1362 215 1400 maxime
254 1362 392 1400 similis
430 1368 489 1401 est
526 1363 698 1409 habitus,
738 1364 942 1415 smaragdo
990 1370 1029 1402 et
1074 1365 1237 1415 gemmis
1255 1384 1292 1406 10

45 1431 350 1477 coagmentatus.
400 1427 527 1475 Hunc,
545 1441 634 1466 cum
653 1441 883 1478 responsum
904 1428 1062 1479 petitur,
1080 1430 1236 1481 navigio

44 1496 181 1529 aurato
202 1496 360 1542 gestant
379 1492 599 1530 sacerdotes
622 1492 757 1530 multis
785 1493 982 1544 argenteis
1012 1494 1157 1544 pateris
1186 1495 1235 1533 ab

44 1561 213 1606 utroque
242 1556 388 1606 navigii
418 1556 541 1594 latere
571 1556 856 1607 pendentibus:
906 1563 1126 1608 sequuntur
1159 1572 1235 1597 ma-

44 1625 180 1659 tronae
204 1620 452 1671 virginesque
472 1621 600 1670 patrio
621 1634 728 1659 more
757 1621 1006 1660 inconditum
1036 1622 1234 1672 quoddam

44 1698 198 1723 carmen
237 1690 431 1732 canentes,
462 1698 540 1735 quo
569 1685 776 1735 propitiari
810 1685 945 1724 Iovem
983 1686 1160 1734 credunt,
1190 1693 1287 1737 ut15

43 1754 193 1788 certum
214 1750 306 1788 edat
329 1749 540 1787 oraculum.
599 1750 657 1788 Ac
687 1755 773 1788 tum
803 1750 961 1800 quidem
989 1764 1121 1801 regem
1150 1765 1233 1802 pro-

42 1814 130 1864 pius
164 1814 377 1852 adeuntem
411 1815 606 1852 maximus
636 1819 733 1852 natu
764 1827 783 1852 e
813 1814 1080 1853 sacerdotibus
1109 1815 1233 1854 filium

42 1878 224 1929 appellat,
263 1878 336 1916 hoc
374 1892 517 1916 nomen
555 1878 612 1916 illi
650 1884 854 1928 parentem
892 1879 1027 1917 Iovem
1069 1880 1232 1919 reddere

42 1943 262 1982 adfirmans.
322 1942 395 1981 Ille
416 1956 455 1981 se
475 1956 567 1980 vero
589 1947 628 1981 et
658 1944 830 1994 accipere
861 1943 916 1981 ait
945 1948 984 1982 et
1012 1957 1229 1995 agnoscere,

40 2008 234 2045 humanae
255 2007 371 2045 sortis
400 2007 556 2045 oblitus.
616 2007 826 2046 Consuluit
855 2007 1007 2055 deinde,
1031 2022 1079 2046 an
1110 2010 1231 2047 totius
1246 2025 1286 2049 20
