1461 2255
169 175 207 207 18
538 175 824 209 SELECTIONS
848 176 980 209 FROM

165 270 319 309 moenia
356 277 633 323 opposuerunt,
670 273 810 322 quibus
848 286 917 311 rex
954 273 1132 312 invectus
1164 274 1237 312 ictu
1268 273 1353 324 ipso

115 350 152 372 10
165 335 360 374 demersit.

217 399 381 438 Postera
424 400 487 438 die
532 400 650 439 classe
695 401 744 439 ad
788 401 942 439 moenia
986 401 1145 440 admota
1180 401 1355 453 undique

164 464 371 502 tormentis
405 469 444 503 et
476 465 646 503 maxime
679 465 845 504 arietum
883 465 998 516 pulsu
1035 479 1167 505 muros
1200 467 1354 517 quatit:

165 541 262 579 quos
298 528 409 579 Tyrii
447 530 591 579 raptim
630 529 840 568 obstructis
886 531 990 568 saxis
1031 531 1261 579 refecerunt,
1300 531 1357 569 in-

164 593 349 631 teriorem
383 606 538 644 quoque
568 607 735 640 murum,
766 599 820 642 ut,
852 594 883 632 si
913 594 1019 644 prior
1048 594 1259 642 fefellisset,
1287 594 1355 633 illo

114 669 149 703 15
164 670 204 696 se
238 662 454 705 tuerentur,
492 658 667 709 undique
702 659 789 697 orsi.
853 659 930 697 Sed
964 659 1138 709 undique
1170 659 1230 698 vis
1262 658 1355 697 mali

163 722 379 772 urguebat:
407 722 528 760 moles
549 723 653 761 intra
673 722 741 760 teli
768 723 913 761 iactum
935 728 1029 770 erat,
1051 723 1182 762 classis
1201 723 1356 762 moenia

164 786 418 824 circumibat:
461 787 637 825 terrestri
675 787 793 825 simul
829 787 1037 838 navalique
1076 787 1183 826 clade
1220 787 1356 826 obrue-

164 850 318 889 bantur.
377 850 531 902 Quippe
557 851 668 889 binas
700 851 966 902 quadriremes
991 852 1227 907 Macedones
1252 851 1355 890 inter

163 928 204 953 se
248 915 307 953 ita
352 915 573 963 iunxerant,
621 920 666 954 ut
711 930 848 966 prorae
895 916 1158 964 cohaererent,
1204 930 1355 967 puppes

110 994 151 1016 20
163 979 381 1027 intervallo,
414 985 607 1030 quantum
635 993 771 1031 capere
806 985 999 1031 poterant,
1032 980 1248 1019 distarent:
1282 981 1355 1019 hoc

162 1045 355 1094 puppium
388 1044 642 1082 intervallum
680 1045 875 1083 antemnis
908 1045 1180 1095 asseribusque
1213 1045 1355 1083 validis

163 1108 344 1159 deligatis
373 1122 567 1159 superque
600 1123 664 1147 eos
696 1110 884 1160 pontibus
915 1110 1060 1157 stratis,
1090 1110 1158 1160 qui
1187 1109 1354 1148 militem

163 1173 414 1219 sustinerent,
442 1173 700 1224 inpleverant.

408 1298 474 1325 20.
508 1294 575 1325 The
604 1294 751 1335 Tyriam
772 1295 872 1326 saved
896 1294 938 1336 by
960 1306 983 1326 α
1004 1299 1116 1326 slorm.

217 1371 280 1409 Sic
317 1370 532 1408 instructas
570 1370 838 1421 quadriremes
880 1371 929 1409 ad
975 1371 1115 1409 urbem
1163 1371 1354 1422 agebant:

163 1435 255 1473 inde
303 1435 465 1473 missilia
511 1435 552 1472 in
599 1440 892 1486 propugnantes
934 1435 1214 1485 ingerebantur
1253 1440 1352 1482 tuto,

164 1499 256 1549 quia
293 1499 417 1548 proris
450 1499 563 1537 miles
592 1500 809 1550 tegebatur.
868 1499 1004 1538 Media
1032 1513 1112 1538 nox
1141 1504 1235 1552 erat,
1265 1512 1354 1537 cum

163 1563 334 1611 classem,
358 1563 472 1601 sicuti
503 1563 654 1601 dictum
681 1568 749 1609 est,
782 1569 960 1614 paratam
990 1564 1193 1602 circumire
1221 1576 1354 1602 muros

133 1628 282 1673 5iubet.
346 1627 508 1677 Iamque
546 1640 665 1665 naves
699 1628 788 1665 urbi
821 1627 996 1678 undique
1029 1628 1352 1674 admovebantur,

164 1698 204 1730 et
232 1691 345 1742 Tyrii
374 1692 648 1742 desperatione
678 1692 900 1742 torpebant,
932 1705 1019 1730 cum
1049 1693 1179 1730 subito
1208 1692 1354 1742 spissae

164 1757 289 1794 nubes
326 1755 531 1794 intendere
570 1769 609 1794 se
649 1756 764 1803 caelo,
797 1762 847 1803 et,
880 1756 1075 1806 quidquid
1111 1756 1208 1794 lucis
1237 1756 1354 1794 inter-

164 1821 328 1867 nitebat,
351 1821 474 1858 offusa
498 1820 662 1870 caligine
689 1820 906 1858 extinctum
934 1826 1002 1858 est.
1060 1820 1162 1858 Tum
1183 1820 1355 1859 inhorre-

166 1898 274 1924 scens
312 1898 418 1923 mare
456 1884 645 1935 paulatim
684 1884 815 1930 levari,
857 1884 998 1923 deinde
1043 1885 1187 1923 acriore
1233 1889 1353 1924 vento

116 1962 153 1984 10
167 1950 406 1988 concitatum
426 1949 568 1987 fluctus
589 1949 687 1986 ciere
709 1954 748 1986 et
774 1949 878 1987 inter
901 1962 940 1987 se
964 1949 1122 2000 navigia
1144 1949 1350 1988 conlidere.

166 2015 328 2064 Iamque
375 2013 501 2051 scindi
548 2018 760 2062 coeperunt
798 2013 964 2060 vincula,
1005 2013 1146 2063 quibus
1184 2027 1352 2053 conexae
