1461 2255
166 185 208 215 46
538 181 824 213 sELEOTIONs
856 180 987 213 FROM

114 280 370 318 20fortissimi
409 280 569 317 iuvenes
612 277 850 316 contumelia
892 277 1045 316 inritati
1089 275 1357 315 erant—sicut

167 345 298 382 omnia
329 344 403 382 alia
432 343 597 382 felicitas
627 343 728 393 regis
758 342 932 392 excepit:
962 342 1061 379 nihil
1088 341 1166 379 illis
1186 340 1235 379 ad
1254 340 1358 379 bella

167 410 388 460 promptius
424 409 511 446 fuit.
570 407 768 446 Ineitabat
815 407 1005 444 virtutem
1043 411 1082 445 et
1120 405 1358 456 ignominiae
1412 405 1422 413 “

167 474 381 512 demendae
412 472 553 523 cupido
574 478 613 510 et
633 472 725 522 quia
746 472 863 510 fortia
891 471 994 509 faeta
1013 471 1053 509 in
1074 471 1207 520 paucis
1235 470 1358 508 latere

166 552 245 576 non
266 542 458 588 poterant.

419 703 478 729 51.
512 698 577 728 The
596 698 733 728 murder
748 697 791 736 of
801 697 906 729 Clitus
924 698 1002 735 (8.0.
1024 698 1111 735 328).

220 792 381 842 Iamque
410 792 485 829 iter
514 804 650 841 parare
670 791 711 828 in
732 796 933 840 posterum
962 789 1090 827 iussus
1119 788 1298 827 sollemni
1319 794 1359 826 et

166 857 402 907 tempestivo
427 855 650 912 ‘adhibetur
687 854 878 893 convivio.
937 854 984 891 In
1032 867 1110 904 quo
1157 867 1227 891 rex
1270 866 1357 890 cum

165 922 291 960 multo
329 921 555 959 incaluisset
593 934 711 965 mero,
748 919 982 957 immodicus
1016 918 1246 957 aestimator
1283 917 1355 965 sui,

166 987 370 1032 celebrare,
397 999 496 1036 quae
525 990 710 1035 gesserat,
741 985 880 1035 eoepit,
912 984 1041 1034 gravis
1073 983 1192 1022 etiam
1223 996 1357 1021 eorum

134 1051 337 1098 5auribus,
373 1051 440 1101 qui
478 1050 705 1088 sentiebant
737 1063 830 1087 vera
867 1048 1085 1087 memorari.
1147 1047 1357 1086 Silentium

164 1121 297 1154 tamen
325 1116 497 1153 habuere
526 1115 709 1161 seniores
732 1114 855 1152 donee
884 1113 1061 1164 Philippi
1081 1126 1142 1151 res
1163 1126 1273 1151 orsus
1295 1113 1359 1151 ob-

164 1186 289 1220 terere
310 1180 481 1219 nobilem
503 1179 607 1229 apud
628 1179 897 1217 Chaeroneam
925 1177 1128 1216 victoriam
1151 1177 1210 1215 sui
1231 1177 1358 1227 operis

164 1247 284 1284 fuisse
318 1246 480 1283 iactavit
514 1244 818 1294 ademptamque
850 1244 923 1281 sibi
954 1243 1201 1293 malignitate
1233 1246 1273 1280 et
1302 1241 1358 1279 in-

164 1311 270 1350 vidia
289 1311 412 1362 patris
442 1315 578 1348 tantae
609 1309 665 1347 rei
699 1308 875 1359 gloriam.
934 1307 1053 1345 Illum
1079 1306 1238 1357 quidem
1260 1305 1357 1344 sedi-

113 1393 150 1415 10
164 1376 271 1414 tione
291 1375 396 1413 inter
416 1374 651 1412 Macedones
668 1373 813 1411 milites
827 1377 866 1411 et
882 1371 1051 1410 Graecos
1067 1371 1356 1410 mercennarios

162 1445 249 1479 orta
281 1440 533 1478 debilitatum
562 1438 735 1485 vulnere,
764 1437 868 1488 quod
898 1438 939 1475 in
968 1450 1013 1475 ea
1042 1436 1356 1475 consternatione

162 1510 373 1555 acceperat,
396 1504 569 1551 iacuisse,
594 1517 671 1541 non
692 1503 786 1541 alias
808 1515 926 1553 quam
946 1501 1197 1540 simulatione
1218 1501 1356 1540 mortis

161 1571 351 1609 tutiorem
366 1585 375 1617 3
404 1583 443 1607 se
474 1582 613 1619 eorpus
643 1568 725 1606 eius
756 1567 986 1618 protexisse,
1009 1567 1133 1617 clipeo
1153 1579 1223 1604 suo
1244 1579 1356 1604 ruen-

161 1640 298 1685 tesque
318 1635 359 1672 in
379 1633 489 1671 illum
513 1646 582 1671 sua
596 1646 715 1670 manu
731 1633 888 1670 occisos.
945 1631 1053 1678 Quae
1073 1636 1226 1681 patrem
1245 1643 1356 1669 num-

110 1713 279 1750 15quam
327 1711 449 1749 aequo
497 1698 628 1736 animo
666 1710 748 1735 esse
787 1696 1017 1742 confessum,
1058 1695 1228 1732 invitum
1274 1694 1354 1733 filio

161 1764 371 1803 debentem
401 1763 567 1801 salutem
593 1776 714 1800 suam.
773 1761 913 1811 Itaque
934 1765 1023 1811 post
1044 1759 1350 1810 expeditionem,

160 1842 276 1878 quam
307 1829 390 1865 sine
411 1841 457 1866 eo
477 1827 633 1865 fecisset
662 1827 745 1876 ipse
766 1826 806 1863 in
827 1825 995 1875 Illyrios,
1019 1825 1208 1863 victorem
1238 1824 1354 1875 serip-

159 1893 253 1931 sisse
285 1905 325 1931 se
365 1892 479 1942 patri,
509 1891 615 1929 fusos
649 1890 882 1941 fugatosque
916 1890 1048 1928 hostes
1080 1903 1150 1928 nee
1180 1888 1352 1927 adfuisse

156 1971 323 2008 usquam
362 1957 601 2006 Philippum.
680 1955 816 1993 Laude
854 1955 995 2005 dignos
1034 1968 1126 2001 esse,
1166 1967 1245 1991 non
1283 1955 1351 2004 qui

103 2036 144 2059 20
158 2021 457 2060 Samothracum
487 2020 601 2058 initia
630 2019 816 2067 viserent,
838 2033 925 2057 eum
952 2019 1089 2057 Asiam
1108 2018 1168 2056 uri
1189 2019 1351 2056 vastari-
