1461 2255
151 154 173 185 2
529 155 811 188 SELEOTIONS
836 156 966 188 FROM

384 289 418 317 2.
449 286 552 325 Grz'ef
568 287 638 317 and
660 286 798 326 anxiam
821 287 863 326 of
879 286 930 317 tlte
954 286 1100 318 souliers.

204 354 347 406 Ingens
381 356 604 394 sollicitudo
638 361 677 394 et
710 369 833 406 paene
867 357 944 394 iam
977 357 1105 395 luctus
1133 357 1174 395 in
1204 358 1338 396 castris

150 423 244 457 erat.
302 419 462 458 Flentes
482 420 759 470 querebantur,
780 420 821 458 in
845 425 956 459 tanto
976 421 1126 472 impetu
1146 435 1338 473 cursuque

151 496 279 521 rerum
306 484 432 522 omnis
459 485 599 523 aetatis
627 498 669 522 ac
695 485 904 524 memoriae
932 485 1187 524 clarissimum
1206 499 1336 537 regem

149 561 227 585 non
265 548 306 585 in
344 549 424 587 acie
469 549 619 596 saltem,
660 562 739 587 non
778 549 826 587 ab
867 549 979 588 hoste
1024 549 1230 597 deiectum,
1269 550 1335 589 sed

117 612 373 662 5abluentem
406 626 507 663 aqua
538 626 676 663 corpus
710 617 888 664 ereptum
922 627 1003 652 esse
1035 619 1074 652 et
1104 615 1332 653 extinctum.

149 676 301 715 Instare
321 677 507 723 Dareum,
530 678 730 724 victorem,
753 683 964 728 antequam
985 679 1149 718 vidisset
1169 679 1330 718 hostem.

149 741 232 778 Sibi
262 741 417 779 easdem
447 747 581 789 terras,
611 755 705 792 quas
732 742 897 781 victoria
925 747 1206 794 peragrassent,
1230 757 1335 794 repe-

147 805 308 844 tendas:
343 806 474 844 omnia
504 811 572 844 aut
604 807 708 856 ipsos
739 811 807 845 aut
837 807 968 845 hostes
1002 807 1232 858 populatos:
1266 821 1336 858 per

146 875 276 908 vastas
302 870 544 917 solitudines,
567 871 720 910 etiamsi
746 885 861 910 nemo
887 872 1041 922 insequi
1066 872 1172 919 velit,
1198 878 1334 911 euntes

97 952 134 974 10
146 934 248 972 fame
268 940 386 985 atque
406 935 539 986 inopia
558 935 743 974 debellari
771 950 892 987 posse.
953 936 1075 984 Quem
1097 937 1251 988 signum
1271 937 1334 975 da-

147 1003 280 1036 turum
306 999 576 1050 fugientibus?
604 1014 719 1050 quem
746 1014 932 1038 ausurum
956 1000 1184 1039 Alexandro
1209 1013 1333 1039 succe-

146 1063 266 1101 dere?
327 1064 410 1101 Iam
448 1069 493 1102 ut
531 1064 579 1102 ad
614 1064 917 1115 Hellespontum
951 1064 1043 1115 fuga
1075 1062 1330 1116 penetraririt,

145 1127 318 1174 classem,
333 1141 410 1178 qua
425 1132 637 1176 transeant,
653 1142 768 1179 quem
784 1134 1107 1179 praeparaturum
1120 1132 1133 1167 2
1181 1129 1332 1168 Rursus

144 1192 185 1229 in
230 1192 358 1242 ipsum
402 1206 534 1243 regem
578 1193 845 1231 misericordia
883 1206 994 1231 versa
1039 1193 1151 1231 illum
1197 1194 1332 1232 florem

94 1257 337 1304 15iuventae‚
373 1257 480 1295 illam
514 1258 595 1295 vim
633 1257 763 1304 animi,
797 1257 965 1296 eundem
998 1271 1129 1309 regem
1163 1262 1202 1296 et
1233 1272 1332 1297 com-

143 1321 361 1359 militonem
400 1321 534 1360 divelli
572 1336 594 1360 a
631 1335 670 1361 se
709 1327 748 1361 et
785 1322 966 1372 abrumpi
1004 1323 1236 1362 inmemores
1272 1322 1330 1362 sui

144 1386 417 1437 querebantur.

580 1549 616 1576 3.
644 1544 717 1576 Κῖῖί
739 1555 778 1575 or
800 1555 885 1577 cure.

195 1609 306 1648 Inter
329 1609 424 1648 haec
450 1609 610 1648 liberius
635 1623 763 1648 meare
787 1610 947 1661 spiritus
973 1614 1154 1660 coeperat
1179 1610 1329 1648 adleva-

141 1674 286 1724 batque
305 1687 375 1712 rex
396 1674 525 1712 oculos
547 1679 586 1712 et
605 1674 794 1724 paulatim
811 1674 1001 1713 redeunte
1021 1675 1150 1713 animo
1171 1675 1328 1713 circum-

141 1743 290 1777 stantes
310 1739 452 1776 amicos
473 1744 708 1789 agnoverat:
733 1739 942 1789 laxataque
962 1739 1020 1777 vis
1040 1739 1167 1777 morbi
1187 1739 1236 1777 ob
1255 1739 1328 1777 hoc

141 1803 267 1841 solum
292 1803 510 1850 videbatur,
540 1804 632 1853 quia
658 1804 972 1854 magnitudinem
1000 1803 1092 1842 mali
1118 1803 1324 1842 sentiebat.

88 1871 105 1905 5
139 1867 277 1905 Animi
323 1872 454 1906 autem
502 1867 705 1918 aegritudo
752 1881 890 1918 corpus
936 1868 1138 1918 urguebat,
1182 1868 1327 1918 quippe

139 1932 314 1971 Dareum
360 1932 498 1982 quinto
546 1931 608 1969 die
655 1932 696 1969 in
747 1932 885 1970 Cilicia
929 1932 1010 1969 fore
1056 1931 1322 1970 nuntiabatur.

141 1997 329 2035 Vinctum
367 2009 458 2048 ergo
496 2010 535 2033 se
580 1996 681 2034 tradi
724 2000 764 2034 et
800 2000 951 2034 tantam
988 1996 1190 2034 victoriam
1228 1996 1326 2046 eripi
