1461 2255
410 175 620 214 QUINTUS
647 174 865 207 CURTIUS.
1192 176 1231 206 41

46 271 174 323 emplo
194 272 412 311 videbatur.
472 271 599 322 Igitur
628 271 731 309 hunc
760 271 919 321 quidem
948 270 1117 322 benigne
1147 284 1236 308 culn

44 336 177 375 liberis
206 337 375 387 excipit:
409 341 580 374 ceterum
610 336 801 386 quadrato
832 335 997 386 agmine,
1019 334 1123 385 quod
1153 335 1235 385 ipsc

45 400 223 449 ducebat,
258 401 369 440 velut
405 401 445 438 in
485 401 608 439 aciem
645 401 761 448 irent,
792 399 946 450 ingredi
985 413 1075 438 suos
1112 399 1230 437 iubet.
1254 418 1290 439 10

43 465 190 516 Magna
209 479 297 517 pars
317 465 627 515 Babyloniorum
648 466 880 504 constiterat
900 465 941 502 in
970 465 1092 502 muris
1121 464 1236 502 avida

43 530 301 581 cognoscendi
320 543 467 569 novum
487 543 629 581 regem,
651 530 781 580 plures
802 529 958 568 obviam
974 528 1116 580 egressi
1131 533 1231 566 sunt.

43 594 154 632 Inter
173 607 270 645 quos
290 595 558 645 Bagophanes,
573 595 671 632 arcis
692 600 731 632 et
747 595 875 645 regiae
889 595 1077 644 pecuniae
1093 598 1232 640 custos,

44 671 93 696 ne
127 659 259 697 studio
292 672 315 697 a
347 659 510 697 Mazaeo
544 659 779 706 vinceretur,
811 664 940 697 totum
970 659 1045 696 iter
1074 657 1235 696 floribus

42 724 272 774 coronisque
302 729 580 771 constraverat,
613 723 809 774 argenteis
842 723 1030 761 altaribus
1068 728 1234 772 utroque
1252 738 1287 769 15

41 787 163 826 latere
193 788 405 838 dispositis,
437 802 536 838 quae
565 802 644 826 non
674 794 762 826 ture
790 788 919 835 modo,
950 787 1016 825 sed
1053 788 1234 826 omnibus

42 852 227 891 odoribus
248 853 526 891 cumulaverat.
576 853 692 891 Dona
712 866 800 890 eum
817 853 1083 903 sequebantur
1097 865 1233 903 greges

41 930 222 967 pecorum
254 930 533 968 equorumque,
555 917 688 955 leones
718 930 872 967 quoque
902 922 942 955 et
969 916 1149 967 pardales
1178 930 1235 954 ca-

41 981 123 1019 veis
143 981 473 1032 praeferebantur.
532 982 642 1032 Magi
672 981 814 1019 deinde
843 995 912 1020 suo
941 995 1048 1020 more
1078 993 1233 1019 carmen

41 1051 236 1094 canentes,
264 1052 354 1096 post
392 1046 463 1085 hos
503 1046 692 1085 Chaldaei
729 1046 1117 1096 Babyloniorumque
1154 1059 1233 1083 non
1248 1062 1288 1083 20

40 1114 149 1148 vates
169 1110 297 1158 modo,
313 1110 382 1149 sed
401 1111 520 1149 etiam
541 1111 709 1149 artifices
729 1124 818 1149 cum
838 1111 981 1149 fidibus
1001 1111 1061 1149 sui
1080 1112 1233 1161 generis

39 1175 169 1214 ibant:
196 1175 329 1214 laudes
349 1175 391 1213 hi
411 1189 547 1227 regum
567 1189 704 1214 canere
724 1176 840 1223 soliti,
858 1176 1045 1214 Chaldaei
1061 1176 1233 1214 siderum

39 1245 170 1278 motus
195 1245 235 1278 et
258 1245 380 1279 statas
406 1241 510 1279 vices
540 1245 762 1291 temporum
793 1241 1010 1279 ostendere.
1068 1241 1231 1291 Equites

38 1304 182 1344 deinde
202 1305 413 1356 Babylonii
433 1319 502 1344 suo
524 1318 790 1356 equorumque
820 1305 929 1343 cultu
958 1305 1007 1343 ad
1035 1305 1231 1343 luxuriam

38 1370 172 1420 magis,
195 1383 314 1420 quam
341 1369 390 1408 ad
418 1370 752 1421 magnificentiam
782 1375 919 1408 exacto
948 1370 1079 1408 ultimi
1106 1370 1226 1409 ibant.
1245 1385 1284 1418 25

38 1434 125 1472 Rex
145 1434 305 1472 armatis
325 1435 494 1484 stipatus
524 1435 811 1485 oppidanorum
839 1435 997 1473 turbam
1026 1440 1115 1485 post
1143 1435 1231 1472 ulti-

37 1512 121 1537 mos
154 1498 308 1549 pedites
342 1499 398 1537 ire
432 1499 569 1537 iussit:
612 1499 695 1550 ipse
735 1513 821 1537 cum
860 1513 975 1537 curru
1013 1499 1149 1537 urbem
1187 1513 1230 1538 ac

37 1563 181 1602 deinde
219 1564 366 1614 regiam
404 1564 577 1602 intravit.
648 1563 812 1602 Postero
851 1564 914 1602 die
948 1564 1226 1614 supellectilem

38 1627 157 1665 Darei
177 1633 216 1665 et
236 1641 391 1665 omnem
412 1628 617 1678 pecuniam
638 1628 877 1679 recognovit.

367 1798 429 1824 46.
459 1793 671 1834 Description
695 1794 737 1833 of
753 1794 805 1825 the
828 1794 903 1834 city.

90 1880 276 1918 Ceterum
299 1880 422 1930 ipsius
452 1880 558 1918 urbis
588 1880 842 1930 pulchritudo
872 1894 914 1918 ac
944 1886 1119 1919 vetustas
1149 1896 1227 1921 non

35 1945 137 1995 regis
157 1944 285 1990 modo,
307 1944 375 1982 sed
395 1945 514 1983 etiam
539 1945 714 1982 omnium
741 1945 872 1982 oculos
899 1945 941 1982 in
970 1952 1094 1984 semet
1121 1947 1227 1985 haud

36 2008 219 2047 inmerito
239 2009 443 2047 convertit.
503 2008 730 2047 Samiramis
755 2021 840 2047 eam
872 2009 1111 2057 condiderat,
1134 2025 1223 2060 non,
