1461 2255
189 174 230 204 38
559 173 844 207 SELEUTIONS
875 175 1005 208 FROM

190 269 398 308 Parmenio
442 284 591 308 essem:
636 284 740 309 nunc
785 272 1013 310 Alexander
1056 273 1105 311 de
1149 279 1380 324 paupertate

139 343 345 377 15securus
385 348 470 372 sum
510 342 549 373 et
587 349 649 374 me
689 349 767 375 non
801 343 1056 375 mercatorem
1090 339 1251 378 memini
1285 352 1379 385 esse,

188 398 255 436 sed
276 412 417 449 regern.
477 400 587 438 Nihil
607 401 766 451 quidem
787 401 912 440 habeo
928 402 1075 449 venale,
1094 402 1162 441 sed
1181 403 1380 441 fortunam

188 477 315 501 meam
349 465 486 514 utique
519 478 597 503 non
628 466 781 505 vendo:
821 466 998 516 captivos
1031 467 1062 504 si
1095 467 1224 517 placet
1255 467 1379 515 reddi,

188 528 390 567 honestius
424 529 527 568 dono
566 530 758 577 dabimus,
793 544 911 581 quam
949 532 1076 581 pretio
1109 531 1382 570 remittemus!

188 593 431 632 Introductis
452 594 593 633 deinde
613 595 753 647 legatis
774 595 823 633 ad
848 595 952 633 hunc
972 595 1133 634 modum
1153 595 1381 646 respondit:

135 658 406 697 20‘Nuntiate
447 659 576 697 Dareo
621 673 694 706 me,
737 673 837 710 quae
884 660 1043 698 fecerim
1087 660 1300 699 clementer
1342 665 1382 699 et

187 723 412 770 liberaliter,
442 737 522 762 non
556 724 750 763 amicitiae
782 725 864 763 eius
897 725 1091 773 tribuisse,
1122 725 1191 764 sed
1219 729 1382 763 naturae

188 801 306 826 meae.
369 788 525 826 Bellum
558 802 647 827 cum
681 789 845 839 captivis
879 794 918 827 et
950 789 1105 828 feminis
1135 803 1269 842 gerere
1302 802 1381 828 non

187 853 317 892 soleo:
353 858 527 891 armatus
561 854 614 891 sit
651 859 818 903 oportet,
853 867 968 904 quem
1003 854 1161 892 oderim.
1232 853 1380 902 Quodsi

187 917 325 955 saltem
353 931 487 967 pacem
513 918 616 956 bona
642 918 718 957 fide
742 923 903 969 peteret,
926 919 1183 957 deliberarem
1203 918 1378 966 forsitan,

187 995 236 1020 an
257 982 400 1020 darem.

523 1091 589 1117 43.
622 1087 689 1118 The
712 1097 801 1117 same
827 1086 1040 1127 (cominucd).

241 1174 389 1212 Verum
423 1174 632 1221 enimvero,
663 1188 751 1212 cum
779 1174 896 1212 modo
929 1174 1074 1212 milites
1102 1187 1210 1212 meos
1237 1174 1381 1212 litteris

188 1237 237 1276 ad
275 1237 552 1288 proditionem,
594 1237 710 1276 modo
743 1238 887 1276 amicos
920 1237 970 1276 ad
1008 1238 1220 1288 perniciem
1252 1251 1381 1276 meam

187 1303 355 1353 pecunia
401 1302 595 1350 sollicitet,
645 1303 694 1341 ad
746 1303 1055 1341 internecionem
1111 1302 1207 1340 mihi
1257 1316 1383 1353 perse-

188 1367 368 1418 quendus
398 1372 469 1413 est,
500 1381 579 1405 non
612 1372 658 1405 ut
686 1367 813 1405 iustus
841 1367 976 1414 hostis,
1008 1367 1075 1405 sed
1106 1372 1150 1405 ut
1180 1381 1383 1418 percussor

157 1433 394 1476 sveneficus.
464 1432 724 1470 Condiciones
766 1445 860 1470 vero
904 1432 1021 1482 pacis,
1066 1445 1163 1482 quas
1207 1431 1379 1480 adfertis,

189 1497 221 1534 si
276 1510 468 1546 accepero,
518 1497 707 1534 victorem
761 1510 847 1534 eum
902 1496 1061 1534 faciunt.
1134 1496 1241 1543 Quae
1293 1502 1383 1547 post

189 1562 417 1612 Euphraten
456 1567 558 1609 sunt,
596 1561 812 1599 liberaliter
845 1561 977 1599 donat.
1048 1560 1129 1599 Ubi
1166 1561 1288 1612 igitur
1318 1575 1381 1600 me

188 1626 348 1673 adeatis,
385 1625 497 1664 obliti
532 1626 651 1663 estis:
690 1639 831 1676 nempe
869 1626 974 1664 ultra
1012 1625 1242 1675 Euphraten
1279 1640 1378 1665 sum.

189 1692 396 1729 Summum
444 1704 535 1741 ergo
582 1690 696 1738 dotis,
746 1704 865 1741 quam
912 1690 1121 1741 promittit,
1171 1691 1381 1729 terminum

138 1767 175 1788 10
188 1761 315 1794 castra
343 1769 430 1793 mea
458 1761 675 1793 transeunt.
741 1755 845 1793 Hinc
874 1768 936 1793 me
965 1754 1162 1805 depellite,
1190 1760 1235 1792 ut
1263 1756 1380 1794 sciam

188 1825 363 1859 vestrum
398 1833 491 1867 esse,
528 1833 605 1870 quo
639 1819 788 1858 ceditis.
855 1819 1003 1857 Eadem
1040 1819 1276 1858 liberalitate
1313 1820 1383 1858 dat

187 1885 284 1923 mihi
311 1884 431 1923 filiam
459 1897 590 1922 suam:
623 1897 762 1934 nempe
789 1897 904 1934 quam
932 1884 1011 1922 scio
1038 1883 1153 1922 alicui
1180 1897 1380 1922 servorum

188 1950 271 1988 eius
304 1955 527 1999 nupturam.
586 1949 761 1986 Multum
790 1962 883 1986 vero
914 1948 1010 1986 mihi
1042 1953 1226 1999 praestat,
1258 1949 1291 1986 si
1318 1962 1380 1988 me

188 2014 350 2052 Mazaeo
397 2026 584 2064 generum
636 2013 868 2064 praeponit!
943 2012 1014 2060 Ite,
1063 2013 1246 2051 nuntiate
1298 2013 1379 2065 regi
