1461 2255
172 165 213 196 36
541 164 827 196 SELECTIONS
860 163 990 195 FROM

174 261 297 299 hostis
317 261 366 298 ad
386 274 507 298 novas
536 260 641 310 pacis
671 259 918 298 condiciones
947 259 1126 297 ferendas
1147 269 1177 297 X
1200 259 1359 310 legatos,

174 331 429 376 cognatorum
451 325 657 375 principes,
680 324 811 363 misit:
841 337 937 374 quos
960 323 1184 362 Alexander
1201 322 1362 361 consilio

143 390 363 440 5advoeato
394 389 591 428 introduci
622 389 745 427 iussit.
805 389 837 426 E
857 388 1000 439 quibus
1030 388 1225 426 maximus
1253 392 1360 434 natu,

179 454 390 501 ‘Dareium’
429 455 568 504 inquit,
612 458 679 492 ‘ut
716 467 852 504 pacem
890 467 912 491 a
948 458 988 492 te
1025 453 1103 491 iam
1140 453 1212 490 hoc
1246 452 1363 490 tertio

176 525 338 571 peteret,
361 519 471 557 nulla
499 520 557 557 vis
587 518 753 568 subegit,
777 518 844 556 sed
874 518 1027 556 iustitia
1055 522 1095 556 et
1123 518 1365 556 continentia

175 591 244 622 tua
273 585 475 634 expressit.
535 584 716 631 Matrem,
749 583 966 634 coniugem,
995 583 1138 621 liberos
1167 583 1259 629 eius,
1289 581 1364 619 nisi

176 649 281 699 quod
306 649 389 686 sine
418 648 486 686 illo
516 653 619 695 sunt,
642 653 776 698 captos
806 661 888 686 esse
917 661 996 685 non
1019 647 1232 686 sensimus:
1256 646 1366 696 pudi-

127 730 163 750 10
176 714 289 752 citiae
312 726 454 760 earum,
478 726 577 762 quae
598 717 821 763 supersunt,
843 725 975 750 curam
995 711 1099 750 haud
1120 725 1227 749 secus
1248 724 1365 761 quam

176 792 315 828 parens
343 790 461 827 agens
489 777 643 827 reginas
673 777 856 827 appellaS,
880 776 1047 827 speciem
1075 776 1265 826 pristinae
1293 775 1367 813 for-

176 849 294 880 tunae
326 842 493 879 retinere
525 841 681 891 pateris.
740 841 909 879 Vultum
940 846 1052 879 tuum
1082 840 1210 888 video,
1240 839 1366 890 qualis

178 907 294 945 Darei
326 907 413 951 fuit,
443 920 530 944 cum
558 906 849 944 dimitteremur
879 906 928 944 ab
960 919 1029 944 eo:
1063 910 1103 944 et
1135 905 1201 942 ille
1234 910 1366 942 tamen

179 985 350 1017 uxorem,
381 976 425 1008 tu
458 971 612 1008 hostem
646 970 765 1020 luges.
825 970 908 1008 Iam
942 970 983 1007 in
1017 970 1097 1008 acie
1125 974 1260 1024 stares,
1291 969 1367 1006 nisi

129 1051 137 1071 ι
146 1048 162 1081 5
178 1049 269 1074 cura
301 1041 340 1073 te
374 1035 598 1086 sepulturae
629 1036 711 1072 eius
746 1039 975 1073 moraretur.
1035 1034 1186 1084 Ecquid
1224 1034 1364 1072 mirum

178 1105 246 1148 est,
269 1101 301 1137 si
330 1105 411 1137 tam
439 1100 488 1137 ab
518 1100 642 1137 amico
669 1099 800 1137 animo
828 1113 963 1149 pacem
990 1099 1116 1149 pem-,2
1146 1099 1241 1149 quid
1270 1112 1367 1149 opus

177 1170 236 1203 est
274 1165 403 1211 armis,
442 1164 547 1202 inter
585 1177 680 1214 quos
720 1164 810 1201 odia
848 1163 1004 1201 sublata
1042 1165 1162 1201 sunt?
1236 1164 1369 1201 Antea

178 1229 341 1279 imperio
380 1234 449 1266 tuo
487 1230 605 1266 finem
645 1228 872 1266 destinabat
910 1228 1056 1278 Halym
1095 1241 1260 1273 amnem,
1301 1228 1368 1278 qui

178 1294 345 1344 Lydiam
366 1293 556 1330 terminat
572 1308 578 1330 :
601 1306 714 1339 nunc,
733 1292 926 1342 quidquid
945 1293 1050 1330 inter
1067 1292 1368 1342 Hellespontum

126 1371 167 1392 20
180 1364 219 1396 et
249 1358 479 1408 Euphraten
507 1362 576 1405 est,
605 1358 646 1395 in
684 1357 819 1395 dotem
857 1358 958 1396 filiae
988 1358 1112 1404 offert,
1148 1371 1266 1408 quam
1297 1357 1369 1395 tibi

180 1423 314 1461 tradit.

516 1529 580 1556 41.
614 1524 680 1555 The
704 1535 794 1555 same
818 1525 1031 1564 (continued).

235 1606 413 1643 ‘Ochum
435 1605 567 1652 filium,
596 1618 713 1654 quem
733 1604 863 1651 habes,
890 1606 994 1655 pacis
1023 1610 1061 1643 et
1083 1606 1172 1643 fidei
1193 1605 1370 1644 obsidem

180 1671 316 1716 retine,
357 1676 521 1707 matrem
560 1675 599 1707 et
638 1669 734 1706 duas
772 1669 943 1719 virgines
981 1670 1079 1708 filias
1117 1669 1262 1708 redde:
1300 1683 1371 1720 pro

180 1736 305 1772 tribus
337 1734 563 1784 corporibus
594 1745 687 1771 XXX
719 1734 827 1772 milia
857 1735 1050 1772 talentum
1080 1735 1162 1773 auri
1191 1740 1371 1785 precatur

180 1800 354 1850 accipias.
432 1799 520 1837 Nisi
578 1799 888 1837 moderationem
945 1800 1065 1837 animi
1122 1800 1181 1838 tui
1238 1805 1371 1838 notam

149 1865 376 1910 5haberem,
426 1863 595 1902 dicerem
643 1863 714 1901 hoc
761 1877 844 1902 esse
897 1869 1062 1914 tempus,
1112 1877 1188 1914 quo
1238 1877 1370 1915 pacem

182 1943 261 1967 non
316 1928 408 1966 dare
465 1928 603 1974 solum,
629 1918 633 1922 ’
656 1927 723 1965 sed
780 1928 898 1966 etiam
955 1941 1142 1978 occupare
1197 1928 1367 1967 deberes.

182 1993 356 2043 Respice,
417 1998 609 2042 quantum
668 1996 758 2042 post
815 1997 854 2030 te
916 1992 1148 2042 reliqueris:
1205 1993 1369 2040 intuere,
