1461 2255
465 158 677 197 QUINTUS
705 157 921 190 CURTIUS.
1249 156 1287 187 51

101 254 255 305 regiam.
307 254 472 292 Laniare
493 254 636 292 deinde
657 267 698 292 os
719 253 916 304 unguibus
937 257 976 291 et
996 253 1294 290 circumstantes

103 333 246 370 rogare,
269 333 318 358 ne
338 333 378 358 se
399 324 511 358 tanto
532 319 714 358 dedecori
734 319 986 369 superstitem
1007 331 1089 356 esse
1118 322 1294 367 pateren-

100 390 175 422 tur.
224 385 334 422 Inter
353 385 423 423 has
443 398 574 435 preces
595 390 679 422 tota
699 398 778 422 nox
799 389 978 421 extracta
994 388 1061 421 est.
1114 382 1293 420 Scrutan-

101 454 269 499 temque,
292 462 387 487 num
407 449 466 487 ira
485 449 649 487 deorum
669 449 718 487 ad
739 454 896 486 tantum
917 448 1025 486 nefas
1045 452 1155 485 actus
1179 452 1291 493 esset,

100 514 206 552 subit
225 514 536 552 anniversarium
557 514 788 552 sacrificium
814 513 956 551 Libero
981 512 1091 550 Patri
1111 525 1190 549 non
1211 524 1293 549 esse

101 579 301 616 redditum
339 583 487 617 statuto
526 584 703 629 tempore
720 594 727 617 ε
774 579 907 628 itaque
945 577 1051 615 inter
1084 576 1220 613 vinum
1255 580 1294 613 et

101 644 234 694 epulas
255 643 371 682 caede
391 643 598 681 commissa
616 643 715 680 iram
736 642 798 681 dei
819 643 938 680 fuisse
958 641 1219 679 manifestam.

444 756 504 783 56.
539 751 605 783 The
629 762 719 782 same
746 751 961 790 (continued).

154 826 340 865 Ceterum
367 828 490 877 magis
515 840 560 864 eo
589 826 834 872 movebatur,
858 825 963 876 quod
995 825 1173 864 omnium
1203 825 1295 863 ami-

101 904 236 929 corum
256 891 408 929 animos
430 891 592 929 videbat
611 891 827 929 attonitos:
862 891 1062 928 neminem
1093 903 1181 928 cum
1208 890 1293 940 ipso

101 956 247 994 sociare
269 969 489 994 sermonem
509 961 648 1006 postea
666 969 852 993 ausurum
870 971 876 993 :
912 955 1128 993 vivendum
1149 968 1232 993 esse
1252 955 1293 992 in

101 1019 312 1058 solitudine
333 1019 442 1058 velut
461 1020 566 1058 ferae
586 1020 735 1058 bestiae
752 1020 917 1058 terrenti
933 1020 1028 1057 alias
1045 1019 1290 1069 timentique.

101 1085 235 1123 Prima
264 1085 408 1123 deinde
438 1085 524 1123 luce
559 1085 813 1123 tabernaculo
847 1098 997 1135 corpus,
1029 1084 1132 1122 sicut
1166 1083 1294 1122 adhuc

101 1154 307 1188 cruentum
329 1154 423 1196 erat,
446 1150 561 1187 iussit
581 1150 727 1188 inferri.
787 1149 872 1197 Quo
894 1150 1022 1200 posito
1047 1154 1138 1187 ante
1165 1148 1292 1199 ipsum

100 1213 269 1252 lacrimis
291 1214 451 1261 obortis,
472 1213 628 1262 ‘Hanc⁷‚
648 1214 788 1264 inquit,
815 1215 975 1252 ‘nutrici
997 1227 1106 1252 meae
1126 1214 1293 1264 gratiam

101 1278 247 1324 rettuli,
270 1279 380 1317 cuius
400 1279 479 1317 duo
506 1279 576 1316 filii
606 1279 711 1329 apud
740 1279 925 1317 Miletum
955 1293 1025 1330 pro
1055 1292 1141 1317 mea
1169 1278 1294 1330 gloria

101 1343 315 1381 occubuere
344 1348 522 1391 mortem,
547 1344 608 1382 hic
637 1344 769 1389 frater,
800 1344 959 1381 unicum
989 1344 1169 1382 orbitatis
1199 1343 1295 1381 sola-

101 1407 214 1455 cium,
247 1421 269 1446 a
297 1421 358 1446 me
388 1408 492 1446 inter
521 1408 655 1458 epulas
685 1408 833 1446 occisus
863 1412 932 1446 est.
1002 1408 1087 1455 Quo
1116 1421 1220 1445 nunc
1254 1420 1293 1445 se

102 1472 276 1510 conferet
296 1472 460 1511 misera?
508 1472 701 1511 Omnibus
722 1473 804 1511 eius
825 1486 926 1510 unus
943 1486 1157 1523 supersum,
1177 1485 1295 1522 quem

101 1536 226 1574 solum
248 1537 382 1586 aequis
403 1537 523 1575 oculis
549 1537 685 1576 videre
714 1551 794 1575 non
823 1537 979 1587 poterit.
1041 1538 1092 1575 Et
1121 1551 1192 1587 ego
1221 1550 1295 1575 ser-

102 1606 283 1638 vatorum
317 1614 494 1639 meorum
528 1601 639 1649 latro,
672 1607 849 1640 revertar
883 1602 922 1639 in
958 1602 1139 1652 patriani,
1170 1607 1215 1639 ut
1245 1614 1294 1640 ne

103 1665 306 1704 dexteram
341 1666 501 1716 quidem
536 1667 683 1705 nutrici
717 1667 800 1705 sine
834 1668 1024 1705 memoria
1062 1667 1296 1704 calamitatis

103 1731 185 1768 eius
202 1731 338 1769 offerre
354 1731 535 1780 possiml'
578 1731 629 1769 Et
645 1745 731 1769 cum
749 1732 836 1769 finis
851 1732 1021 1769 lacrimis
1037 1732 1296 1782 querellisque

104 1808 182 1833 non
203 1796 323 1842 fieret,
346 1796 453 1833 iussu
474 1796 687 1834 amicorum
709 1810 848 1846 corpus
876 1797 1052 1834 ablatum
1082 1802 1152 1835 est.
1211 1797 1297 1834 Rex

104 1859 281 1897 triduum
301 1860 421 1898 iacuit
441 1860 625 1898 inclusus.
685 1860 811 1908 Quem
836 1866 880 1898 ut
904 1861 1087 1911 armigeri
1113 1861 1299 1910 corporis-

104 1938 180 1974 que
209 1923 390 1962 custodes
422 1925 470 1962 ad
502 1924 749 1962 moriendum
777 1925 1017 1963 obstinatum
1049 1939 1132 1964 esse
1162 1939 1298 1976 cogno-

106 1993 260 2036 verunt,
291 1989 466 2027 universi
494 1989 535 2027 in
564 1989 860 2028 tabernaculum
888 1990 1122 2041 inrumpunt
1152 1990 1298 2042 diuque

1308 395 1348 417 20

1312 1420 1350 1442 10
