1461 2255
464 170 676 210 QUINTUS
700 167 920 201 CURTIUS.
1267 164 1285 197 7

428 290 463 316 7.
490 282 717 315 Alexander‘s
735 283 758 298 “
770 282 857 312 alter
873 280 964 320 θς]ο.”

155 365 317 414 Iamque
338 361 451 400 iustis
471 360 747 399 defunctorum
773 356 1000 407 corporibus
1027 353 1165 392 solutis
1185 365 1292 403 prae-

102 428 227 467 mittit
264 427 313 465 ad
351 425 536 476 captivas,
577 423 645 474 qui
683 421 927 464 nuntiarent,
967 419 1097 469 ipsum
1146 416 1290 462 venire,

101 492 347 542 inhibitaque
394 488 669 528 comitantium
706 486 823 524 turba
861 482 1158 523 tabernaculum
1205 493 1292 518 eum

102 556 396 608 Hephaestione
433 554 568 591 intrat.
633 552 671 589 Is
710 550 826 600 longe
865 548 1041 587 omnium
1079 546 1294 584 amicorum

103 621 325 661 carissimus
352 624 435 658 erat
461 617 554 668 regi,
577 630 663 654 cum
690 616 775 665 ipso
802 614 952 664 pariter
978 612 1152 658 eductus,
1176 623 1294 648 secre-
1332 620 1348 652 5

104 691 233 724 torum
245 683 423 723 omnium
435 681 596 720 arbiter:
613 678 808 718 libertatis
824 689 978 727 quoque
992 676 1033 713 in
1047 673 1295 713 admonendo

105 761 150 786 eo
186 760 266 785 non
305 745 404 783 alius
450 744 567 792 massis
604 742 663 779 ius
701 739 883 786 habebat,
926 737 1031 788 quod
1069 742 1202 774 tamen
1240 735 1297 773 ita

105 811 331 863 usurpabat,
352 814 398 847 ut
428 808 552 859 magis
584 820 606 844 a
636 819 724 856 rege
755 803 1000 855 permissum,
1023 815 1142 852 quam
1172 799 1297 837 vindi-

106 882 237 916 catum
260 876 308 914 ab
328 888 372 913 eo
392 873 616 912 videretur:
647 875 687 910 et
715 870 817 908 sicut
846 872 974 907 aetate
1001 880 1072 917 par
1095 870 1179 904 erat
1201 865 1294 916 regi,

106 943 163 980 ita
195 940 366 991 eorporis
399 938 538 976 habitu
573 935 808 987 praestabat.
868 933 972 983 Ergo
1002 931 1158 983 reginae
1187 929 1298 967 illum
1315 943 1353 965 10

108 1020 190 1045 esse
209 1018 340 1056 regem
369 1013 476 1042 ratae
503 1015 573 1040 suo
600 1013 706 1039 more
727 1003 937 1037 veneratae
968 1000 1070 1034 sunt.
1130 994 1229 1033 Inde
1250 1007 1299 1032 ex

107 1071 271 1122 captivis
300 1068 551 1120 spadonibus,
574 1066 661 1116 quis
691 1063 919 1102 Alexander
947 1066 1059 1108 esset,
1081 1065 1299 1098 monstran-

108 1136 214 1175 tibus
243 1133 473 1185 Sisigambis
507 1131 694 1170 advoluta
731 1134 790 1168 est
823 1127 988 1179 pedibus
1023 1126 1114 1173 eius,
1150 1125 1300 1175 ignora-

109 1201 258 1240 tionem
286 1210 501 1248 numquam
527 1200 645 1234 antea
670 1194 745 1233 visi
777 1193 879 1244 regis
913 1204 1114 1231 excusans.
1174 1189 1301 1237 Quam

110 1279 230 1304 manu
262 1264 449 1303 adlevans
480 1276 560 1308 rex,
605 1260 716 1298 ‘Non
757 1257 919 1304 errasti,’
956 1255 1097 1306 inquit,
1139 1258 1298 1301 ‘mater,
1318 1263 1354 1296 15

62 1358 65 1359 ν
110 1344 202 1369 nam
222 1334 261 1368 et
282 1329 344 1367 hie
364 1326 593 1366 Alexander
613 1325 694 1363 est.5

172 1482 222 1535 [T
221 1482 262 1520 he
281 1494 378 1520 same
396 1483 491 1529 story
511 1480 551 1517 in
571 1479 627 1516 the
646 1477 762 1516 words
781 1477 823 1527 of
844 1476 1012 1514 Valerius
1031 1472 1249 1525 lllaasimua]

166 1568 279 1607 Darii
298 1567 446 1613 eastris,
463 1566 504 1604 in
525 1565 667 1615 quibus
689 1576 822 1602 omnes
848 1561 1055 1601 necessarii
1077 1561 1160 1598 eius
1180 1564 1302 1606 erant,

112 1633 275 1685 potitus,
316 1631 622 1682 Hephaestione,
662 1627 884 1680 gratissimo
923 1626 1010 1673 sibi,
1049 1625 1152 1663 latus
1191 1637 1305 1662 suum

114 1703 284 1749 tegente,
316 1696 366 1734 ad
397 1709 461 1734 eos
495 1692 765 1744 adloquendos
797 1691 917 1730 venit.
977 1690 1099 1728 Cuius
1131 1688 1306 1727 adventu

115 1768 243 1801 mater
270 1761 384 1799 Darii
410 1764 593 1806 recreata,
618 1757 724 1796 humi
752 1760 995 1807 prostratum
1022 1758 1139 1804 caput
1167 1753 1302 1799 erexit,
1320 1766 1361 1788 20

116 1826 528 1878 Hephaestionemque
585 1823 677 1873 quia
724 1822 759 1860 ei
807 1826 846 1859 et
897 1824 1049 1858 statura
1096 1823 1135 1856 et
1181 1818 1307 1856 forma

116 1891 353 1942 praestabat,
389 1902 496 1927 more
530 1888 737 1926 Persarum
771 1885 940 1931 adulata,
972 1889 1162 1933 tanquam
1191 1882 1308 1920 Alex-

117 1956 284 1995 andrum
323 1953 522 1993 salutavit.
598 1949 816 1989 Admonita
858 1947 1000 1986 deinde
1048 1946 1200 1992 erroris,
1241 1958 1309 1995 per

119 2033 310 2060 summam
331 2017 637 2069 trepidationem
661 2013 925 2054 excusationis
945 2012 1064 2050 verba
1083 2010 1307 2061 quaerebat.
