1461 2255
173 185 194 215 4
548 181 833 215 SELECTIONS
858 181 989 213 FROM

174 279 302 326 modo,
318 279 385 317 sed
406 280 525 317 etiam
541 284 585 317 ut
601 278 805 317 alumnum
820 278 966 316 eximia
981 278 1142 316 caritate
1158 277 1357 329 diligebat.

142 344 211 395 5Is
242 358 321 382 non
348 357 532 394 praeceps
562 357 611 390 se,
642 343 709 381 sed
736 348 938 381 strenuum
966 342 1181 381 remedium
1210 342 1361 381 adferre

174 413 403 459 tantamque
437 408 517 445 vim
553 407 677 445 morbi
711 407 873 457 potione
912 406 1106 445 medicata
1138 406 1361 446 levaturum

173 486 254 511 esse
275 473 464 523 promisit.
524 472 635 510 Nulli
656 472 891 522 promissum
908 471 989 509 eius
1010 471 1189 521 placebat
1207 476 1362 522 praeter

172 537 312 587 ipsum,
353 537 461 575 cuius
500 536 671 587 periculo
710 536 977 586 pollicebatur.
1037 535 1179 574 Omnia
1215 536 1360 586 quippe

171 602 321 640 facilius
341 615 459 652 quam
481 615 629 639 moram
648 601 800 651 perpeti
821 604 998 650 poterat:
1019 613 1127 638 arma
1141 604 1181 638 et
1201 600 1300 639 acies
1320 600 1360 638 in

122 687 160 708 10
173 666 293 704 oculis
323 671 434 704 erant
463 672 503 703 et
531 665 737 703 victoriam
758 665 798 702 in
819 678 864 703 eo
892 664 1061 715 positam
1091 678 1173 703 esse
1201 665 1361 704 arbitra-

172 731 299 777 batur,
322 730 353 768 si
374 735 531 768 tantum
552 734 642 768 ante
663 729 776 780 signa
805 734 906 767 stare
933 729 1137 780 potuisset,
1158 729 1200 767 id
1219 729 1357 780 ipsum,

173 795 278 845 quod
311 799 401 845 post
434 794 538 832 diem
572 794 732 832 tertium
766 793 1096 832 medicamentum
1135 798 1360 844 sumpturus

173 859 386 898 esset—ita
419 859 522 897 enim
556 858 732 896 medicus
764 858 1182 909 praedixerat—aegre
1215 858 1358 903 ferens.

173 924 283 962 Inter
319 924 414 962 haec
452 937 473 961 a
510 923 780 970 Parmenione,
817 923 1005 961 fidissimo
1042 926 1357 973 purpuratorum,

122 989 323 1040 15litteras
362 988 512 1038 accipit,
549 988 692 1038 quibus
726 987 760 1025 ei
795 987 1066 1035 denuntiabat,
1106 1000 1156 1025 ne
1193 987 1360 1025 salutem

172 1067 281 1091 suam
303 1053 487 1103 Philippo
507 1052 795 1090 committeret:
825 1051 932 1090 mille
952 1051 1111 1089 talentis
1130 1065 1153 1090 a
1172 1051 1301 1090 Dareo
1321 1056 1361 1090 et

171 1131 239 1169 spe
258 1118 485 1168 nuptiarum
506 1117 648 1155 sororis
665 1116 747 1155 eius
763 1129 845 1154 esse
866 1121 1103 1166 corruptum.
1152 1115 1359 1166 Ingentem

171 1182 301 1221 animo
323 1181 629 1220 sollicitudinem
649 1181 806 1219 litterae
827 1181 1073 1219 incusserant
1093 1184 1144 1227 et,
1165 1180 1359 1230 quidquid

169 1248 211 1285 in
244 1251 451 1297 utramque
477 1250 630 1296 partem
660 1250 729 1283 aut
759 1249 885 1283 metus
916 1250 986 1283 aut
1011 1258 1098 1295 spes
1129 1245 1357 1292 subiecerat,

115 1331 156 1354 20
170 1316 318 1351 secreta
346 1311 619 1349 aestimatione
647 1310 847 1360 pensabat.
910 1309 1073 1347 ‘Bibere
1101 1322 1358 1359 perseverem,

169 1382 223 1424 ut,
261 1376 292 1414 si
326 1389 521 1414 venenum
553 1375 690 1413 datum
723 1374 853 1422 fuerit,
884 1387 933 1412 ne
962 1374 1158 1412 immerito
1187 1373 1355 1424 quidem,

168 1440 363 1491 quidquid
409 1439 607 1484 acciderit,
656 1439 830 1477 evenisse
879 1438 1089 1477 videatur?
1162 1438 1358 1476 Damnem

166 1505 307 1543 medici
328 1504 468 1542 fidem?
497 1504 537 1541 in
557 1503 809 1541 tabernaculo
830 1515 922 1553 ergo
943 1516 1004 1540 me
1020 1503 1187 1553 opprimi
1207 1503 1358 1553 patiar?

166 1570 221 1607 At
258 1569 380 1607 satius
419 1572 477 1605 est
515 1567 642 1605 alieno
680 1580 742 1605 ine
776 1567 876 1605 mori
910 1566 1065 1613 scelere,
1096 1580 1214 1617 quam
1248 1572 1357 1606 metu

111 1651 150 1685 25
165 1636 323 1672 nostro)
379 1632 460 1670 Diu
494 1632 624 1669 animo
658 1631 699 1668 in
733 1631 888 1669 diversa
921 1635 1076 1669 versato
1109 1631 1219 1679 nulli,
1261 1632 1356 1682 quid

164 1698 353 1747 scriptum
374 1701 486 1743 esset,
510 1696 692 1733 enuntiat
712 1695 997 1746 epistolamque
1019 1695 1148 1746 sigillo
1168 1695 1275 1733 anuli
1296 1696 1355 1734 sui

163 1762 339 1813 inpresso
358 1761 531 1811 pulvino,
556 1760 616 1798 cui
636 1760 860 1807 incubabat,
883 1760 1057 1798 subiecit.

659 1885 691 1910 ⁵.
725 1881 746 1895 “
766 1879 863 1910 Yes.''

216 1958 327 1996 Inter
364 1957 433 1995 has
471 1956 729 2007 cogitationes
760 1956 880 1994 biduo
915 1956 1124 2006 absumpto
1162 1955 1295 1994 illuxit
1332 1969 1355 1995 a

162 2024 314 2062 medico
347 2022 568 2060 destinatus
602 2020 698 2068 dies,
734 2025 773 2058 et
802 2020 868 2058 ille
900 2033 988 2058 cum
1021 2020 1172 2070 poculo,
1204 2021 1244 2058 in
1275 2034 1353 2071 quo
