1461 2255
424 152 637 190 QUINTUS
661 152 880 204 CU-RTIUS.
1253 155 1291 185 15

103 248 213 298 Tyrii
229 248 504 299 magnitudine
520 248 643 296 molis,
661 249 770 287 cuius
786 249 1071 287 incrementum
1092 262 1155 287 eos
1176 254 1291 288 antea

103 312 305 360 fefellerat,
346 318 554 363 conspecta
591 313 745 351 levibus
780 313 948 364 navigiis
982 313 1159 352 nondum
1193 327 1291 352 com—

102 377 266 415 missum
289 390 385 427 opus
414 377 615 415 circumire
647 382 868 428 coeperunt,
896 377 1109 416 missilibus
1137 392 1292 429 quoque
1328 395 1343 428 5

103 455 177 490 eos,
215 442 280 492 qui
312 455 383 492 pro
415 455 531 493 opere
562 442 732 489 stabant,
767 442 968 481 incessere.
1027 442 1166 480 Multis
1200 456 1291 494 ergo

100 506 247 556 inpune
289 506 515 554 vulneratis,
557 520 643 544 cum
683 511 723 545 et
760 520 961 545 removere
1009 512 1049 545 et
1095 507 1291 557 adpellere

101 570 262 621 scaphas
282 570 323 608 in
343 571 529 621 expedito
550 575 661 618 esset,
680 571 730 609 ad
746 585 877 609 curam
894 576 1017 610 semet
1032 572 1136 622 ipsos
1152 572 1291 609 tuendi

101 635 149 674 ab
169 648 285 686 opere
306 639 600 674 converterant:
630 640 669 673 et
689 649 765 686 quo
786 635 940 686 longius
961 636 1081 675 moles
1102 636 1292 687 agebatur

100 713 122 738 a
149 699 275 747 litore,
297 699 370 738 hoc
396 700 530 751 magis,
557 700 752 750 quidquid
782 701 1045 751 ingerebatur,
1071 701 1291 751 praealtum
1310 718 1346 740 10

99 765 333 803 absorbebat
361 778 478 802 mare.
538 764 667 815 Igitur
686 778 757 803 rex
777 765 1048 803 munientibus
1069 765 1172 803 coria
1191 765 1291 804 vela-

100 842 174 880 que
194 829 309 867 iussit
329 828 502 876 obtendi,
518 834 563 867 ut
579 833 691 867 extra
707 829 775 867 teli
792 829 938 867 iactum
959 834 1098 877 essent,
1115 829 1290 880 duasque

99 898 227 932 turres
251 907 300 931 ex
328 893 454 943 capite
481 893 594 931 molis
626 894 763 940 erexit,
786 906 805 931 e
832 893 974 943 quibus
1005 893 1046 931 in
1078 895 1290 932 subeuntes

98 958 261 1009 scaphas
294 957 373 996 tela
410 958 534 1008 ingeri
573 962 742 1008 possent.
804 957 952 996 Contra
985 958 1096 1008 Tyrii
1134 959 1290 1010 navigia

98 1022 233 1073 procul
253 1036 275 1060 a
295 1026 505 1072 conspectu
534 1022 707 1060 hostium
727 1022 833 1060 litori
854 1022 1061 1072 adpellunt
1087 1023 1290 1073 expositis·
1308 1039 1342 1072 15

97 1100 172 1137 que
192 1087 395 1133 militibus,
414 1099 477 1125 eos
499 1086 566 1136 qui
582 1100 677 1125 saxa
695 1087 917 1137 gestabant,
935 1087 1181 1126 obtruncant.
1241 1088 1289 1126 In

97 1151 248 1190 Libano
272 1164 428 1202 quoque
458 1151 635 1190 Arabum
666 1156 836 1202 agrestes
866 1152 1134 1202 inconpositos
1163 1153 1289 1191 Mace-

97 1215 220 1255 donas
251 1215 380 1254 adorti
408 1225 503 1253 XXX
527 1216 607 1254 fere
638 1216 880 1254 interficiunt
911 1216 1011 1255 haud
1039 1217 1288 1267 paucioribus

97 1281 232 1331 captis.

150 1345 207 1383 Ea
237 1359 297 1383 res
332 1345 603 1383 Alexandrum
637 1344 814 1383 dividere
841 1345 971 1396 copias
1005 1346 1130 1396 coegit
1161 1351 1209 1394 et,
1239 1360 1287 1385 ne
1302 1361 1343 1383 20

97 1410 269 1461 segniter
297 1410 475 1448 adsidere
495 1409 565 1447 uni
585 1410 673 1448 urbi
702 1410 914 1456 videretur,
937 1411 1045 1460 operi
1074 1411 1287 1449 Perdiccan

97 1474 365 1526 Crateronque
385 1476 573 1526 praefecit
590 1491 596 1514 :
626 1475 709 1526 ipse
730 1488 817 1514 cum
839 1474 1026 1526 expedita
1046 1489 1164 1513 manu
1192 1476 1287 1514 Ara-

97 1540 201 1579 biam
221 1540 344 1591 petiit.

338 1661 396 1688 1¹7.
431 1655 464 1687 U
464 1660 528 1687 tter
550 1654 753 1687 destruction
776 1655 818 1696 of
835 1655 885 1686 tlte
908 1656 1000 1687 mole.

150 1733 260 1770 Inter
288 1732 381 1770 haec
410 1732 520 1781 Tyrii
548 1745 688 1770 navem
715 1731 988 1782 magnitudine
1017 1732 1160 1770 eximia
1183 1732 1286 1770 saxis

95 1797 316 1847 harenaque
351 1811 372 1835 a
404 1799 529 1847 puppi
562 1802 773 1844 oneratam,
806 1797 862 1834 ita
895 1800 940 1834 ut
971 1796 1139 1834 multum
1170 1810 1285 1847 prora

95 1861 295 1908 emineret,
316 1861 510 1899 bitumine
531 1874 574 1899 ac
594 1861 780 1911 sulphure
806 1861 960 1898 inlitam
984 1861 1100 1899 remis
1121 1861 1284 1900 concita-

95 1930 238 1964 verunt
266 1930 316 1973 et,
339 1939 426 1964 cum
455 1939 638 1976 magnam
663 1925 744 1963 vim
770 1926 879 1963 venti
906 1925 992 1963 vela
1018 1938 1173 1975 quoque
1199 1939 1284 1963 con-

97 1990 303 2040 cepissent,
336 1990 514 2028 celeriter
547 1990 596 2028 ad
630 1989 772 2028 molem
806 1989 1013 2027 successit:
1053 1994 1136 2026 tum
1171 2003 1284 2039 prora
1320 2002 1336 2035 5
