1461 2255
465 163 676 201 QUINTUS
703 163 921 196 CURTIUS.
1251 168 1292 199 39

99 264 242 307 vestro,
265 264 304 298 et
333 273 431 310 quae
461 259 591 298 amisit
618 265 656 298 et
687 273 785 310 quae
812 260 938 298 adhuc
963 260 1093 308 habet,
1119 263 1292 312 praemia
1309 275 1345 307 15

99 337 182 362 esse
210 324 328 363 belli:
357 324 430 363 hoc
459 330 620 375 regente
650 325 856 376 utriusque
884 326 1076 364 terminos
1100 327 1221 377 regni,
1249 327 1291 365 id

99 402 292 440 quemque
312 389 551 437 habiturum,
575 390 680 440 quod
699 391 901 440 proximae
920 390 1018 429 lucis
1038 391 1291 442 adsignatum

98 454 258 493 fortuna
304 454 386 493 est.’
453 455 593 506 Legati
635 455 886 505 respondent,
927 469 1015 493 cum
1059 456 1206 494 bellum
1249 457 1291 495 in

98 519 228 557 animo
266 520 327 567 sit,
368 519 494 558 facere
532 533 621 558 eum
659 520 900 570 simpliciter,
936 520 1042 570 quod
1081 534 1148 571 spe
1185 521 1291 571 pacis

97 597 177 622 non
217 584 497 623 frustraretur:
541 585 647 635 ipsos
690 590 833 635 pet-ere,
874 590 920 622 ut
958 598 1075 635 qnam
1119 586 1290 635 primum
1305 596 1345 619 20

97 648 353 687 dimittantur
385 649 435 687 ad
467 663 624 700 regem:
664 663 752 688 eum
785 662 941 700 quoque
974 649 1122 688 bellum
1154 664 1290 700 parare

96 713 249 752 debere.
308 713 472 752 Dimissi
491 714 678 752 nuntiant
699 714 832 752 adesse
853 719 1062 752 certamen.

131 839 200 866 44.
227 834 427 866 Alexander
450 834 625 866 aclzlresses
649 834 700 865 his
724 835 863 866 soldier&
887 834 995 874 before
1020 835 1070 866 {he
1095 835 1192 866 tame
1216 836 1258 876 of

627 888 765 920 Arbela.

94 971 194 1011 [This
210 971 343 1002 famous
358 970 469 1002 battle
486 972 568 1008 (B.C.
583 971 658 1009 331)
676 981 746 1002 was
762 974 823 1002 not
837 970 944 1011 really
961 970 1085 1012 fought
1098 975 1133 1002 at
1147 971 1284 1010 Arbela,

138 1026 202 1057 but
217 1028 254 1056 at
270 1024 493 1066 Gaugamela,
512 1024 590 1065 fifty
607 1024 706 1055 miles
723 1024 796 1064 off]

149 1106 335 1145 Ceterum
354 1106 580 1144 hortantem
601 1106 795 1144 exercitus
817 1106 1002 1145 exaudire
1025 1120 1105 1145 non
1133 1112 1290 1157 poterat

94 1185 209 1210 usum
230 1171 384 1209 aurium
403 1171 680 1221 intercipiente
700 1171 862 1209 fremitu
882 1171 1050 1209 duorum
1075 1173 1286 1222 agminum.

96 1236 174 1275 Sed
193 1237 233 1274 in
253 1241 463 1285 conspectu
484 1235 660 1273 omnium
689 1235 806 1274 duces
838 1241 877 1274 et
905 1237 1130 1286 proximum
1159 1250 1289 1286 quem-

95 1314 171 1352 que
191 1300 480 1350 interequitans
502 1299 800 1349 adloquebatur.

151 1365 351 1403 ‘Emensis
390 1369 451 1402 tot
489 1369 612 1402 terras
650 1364 691 1401 in
730 1377 839 1414 spem
881 1364 1079 1410 victoriae,
1120 1364 1169 1402 de
1211 1378 1288 1415 qua
1325 1377 1342 1410 5

95 1429 364 1468 dimicandum
403 1429 515 1474 foret,
551 1429 624 1467 hoc
659 1442 783 1466 unum
822 1441 1024 1478 superesse
1064 1429 1285 1467 discrimen.

94 1494 367 1545 Reprehensos
398 1507 446 1531 ex
474 1494 567 1543 fuga
597 1493 735 1531 Persas
762 1499 1017 1543 pugnat-uros,
1041 1493 1133 1543 quia
1153 1494 1287 1544 fugere

94 1570 174 1595 non
211 1561 382 1606 possent.
442 1554 607 1592 Nullum
647 1555 933 1604 desperationis
972 1555 1130 1593 illorum
1163 1556 1288 1593 maius

93 1621 282 1660 indicium
317 1633 411 1665 esse,
448 1633 565 1670 quam
599 1619 705 1670 quod
739 1620 865 1666 urbes,
903 1619 1009 1670 quod
1047 1633 1159 1670 agros
1198 1633 1288 1658 suos

94 1691 265 1732 urerent,
307 1684 501 1735 quidquid
540 1697 619 1722 non
667 1684 944 1734 corrupissent,
984 1684 1159 1722 hostium
1207 1698 1343 1722 essem

94 1747 270 1787 confessi.
331 1746 503 1785 Nomina
541 1745 658 1783 modo
697 1759 798 1783 vana
840 1746 1018 1796 gentium
1062 1746 1288 1796 ignotarum

93 1827 142 1852 ne
181 1812 504 1851 extimescerent:
548 1823 674 1860 neque
713 1810 817 1848 enim
859 1810 908 1847 ad
946 1809 1039 1847 belli
1077 1810 1287 1848 discrimen

92 1877 302 1928 pertinere,
325 1875 391 1926 qui
417 1876 466 1913 ab
500 1875 547 1912 iis
578 1875 748 1924 Scythae
778 1875 896 1924 quive
926 1873 1089 1912 Cadusii
1119 1875 1288 1925 appella-

93 1946 240 1981 rentur.
300 1940 360 1978 Ob
394 1939 435 1977 id
460 1939 601 1990 ipsum,
631 1939 737 1989 quod
763 1939 888 1989 ignoti
919 1944 1061 1985 essent,
1093 1939 1287 1989 ignobiles

94 2020 200 2046 esse:
240 2017 456 2054 numquam
484 2004 657 2055 ignorari
686 2004 790 2041 viros
820 2003 953 2049 fortes,
975 2008 1016 2041 at
1043 2003 1207 2042 inbelles
1237 2018 1287 2042 ex
1305 2016 1341 2050 15
