1461 2255
432 166 642 205 QUINTUS
671 166 887 199 CURTIUS.
1216 169 1255 202 17

69 277 113 302 ea
150 267 279 302 cetera
315 277 433 314 opera
469 263 580 302 velut
617 263 689 301 sub
726 263 812 313 ipsa
849 263 1015 302 latentia
1052 263 1260 302 tuebatur:
1296 272 1312 306 5

68 327 320 367 latitudinem
340 341 496 379 quoque
518 328 648 379 aggeri
675 327 827 375 adiecit,
850 332 895 365 ut
917 332 1045 366 turres
1070 327 1111 366 in
1132 328 1260 367 medio

69 392 261 431 excitatae
295 393 430 444 procul
466 392 536 430 teli
574 392 678 430 iactu
716 392 907 430 abessent.
971 393 1091 431 Totas
1129 397 1261 432 autem

68 457 225 496 arbores
263 471 351 496 cum
389 457 618 508 ingentibus
657 456 774 494 ramis
811 457 853 494 in
890 456 1015 495 altum
1052 457 1259 504 iaciebant,

68 521 212 560 deinde
231 523 334 560 saxis
355 522 571 560 onerabant
596 534 806 571 rursusque
833 521 988 560 cumulo
1009 535 1145 560 eorum
1167 522 1262 561 alias

67 587 225 626 arbores
262 586 488 634 iniciebant‚
524 590 609 624 tum
648 585 790 624 humus
824 587 1108 637 aggerabatur:
1147 600 1263 638 super
1279 604 1318 626 10

68 664 166 701 quae
196 651 272 690 alia
298 656 404 689 strue
432 664 616 690 saxorum
644 651 906 700 arborumque
934 651 1131 690 cumulata
1154 652 1263 690 velut

68 716 237 767 quodam
264 729 370 754 nexu
397 716 603 754 continens
630 728 727 766 opus
753 715 975 754 iunxerant.
1033 715 1115 754 Nec
1139 716 1259 766 Tyrii,

67 780 262 831 quidquid
293 780 342 818 ad
373 779 651 831 inpediendam
680 779 823 818 molem
853 779 1067 831 excogitari
1095 785 1260 830 poterat,

68 845 240 897 segniter
273 845 580 895 exequebantur.
638 844 899 894 Praecipuum
937 844 1129 883 auxilium
1166 850 1260 893 erat,

68 909 135 960 qui
155 909 290 960 procul
309 909 483 948 hostium
504 914 713 959 conspectu
735 909 920 947 subibant
940 923 1082 959 aquam
1098 910 1263 949 occulto·
1281 926 1316 959 15

67 987 142 1025 que
185 974 298 1025 lapsu
335 973 385 1012 ad
429 973 573 1012 molem
616 986 739 1023 usque
784 974 1058 1024 penetrabant,
1097 974 1262 1013 falcibus

66 1039 216 1090 palmas
250 1039 433 1078 arborum
466 1038 726 1077 eminentium
760 1038 809 1077 ad
842 1052 882 1077 se
916 1038 1130 1086 trahentes,
1162 1053 1262 1089 quae

66 1104 135 1142 ubi
172 1108 327 1142 secutae
365 1107 487 1150 erant,
528 1103 716 1153 pleraque
761 1116 891 1141 secum
937 1103 978 1141 in
1023 1104 1262 1154 profundum

67 1168 242 1207 dabant:
298 1173 384 1207 tum
439 1168 590 1206 levatos
639 1181 756 1206 onere
812 1168 967 1218 stipites
1024 1172 1261 1219 truncosque

68 1233 252 1272 arborum
299 1233 405 1271 haud
452 1245 565 1283 aegre
607 1232 898 1270 moliebantur:
946 1232 1089 1271 deinde
1131 1237 1261 1271 totum
1276 1250 1317 1272 20

68 1311 176 1348 OPUS,
216 1298 321 1348 quod
359 1297 561 1348 stipitibus
603 1296 732 1335 fuerat
768 1297 962 1343 innixum,
1003 1296 1262 1336 fundamento

67 1363 176 1414 lapso
196 1363 445 1413 sequebatur.

363 1487 422 1515 19.
450 1483 648 1515 Alexander
670 1493 759 1515 more
783 1483 971 1523 successful.

122 1559 252 1610 Aegro
273 1559 393 1597 animi
413 1559 643 1597 Alexandro
663 1572 743 1607 nec,
767 1564 1035 1610 perseveraret
1055 1573 1103 1598 an
1123 1560 1258 1608 abiret,

68 1624 162 1662 satis
190 1628 306 1670 certo,
334 1624 465 1662 classis
492 1623 624 1673 Cypro
653 1623 816 1662 advenit
840 1623 1058 1674 eodemque
1086 1629 1262 1675 tempore

69 1688 263 1727 Cleander
307 1702 395 1726 cum
439 1688 598 1726 Graecis
642 1688 835 1726 militibus
879 1689 920 1726 in
962 1689 1099 1727 Asiam
1136 1703 1263 1740 nuper

68 1752 251 1791 advectis
317 1763 340 1791 O
374 1758 414 1791 et
446 1763 503 1791 XO
537 1753 693 1803 navigia
727 1753 769 1790 in
803 1753 880 1791 duo
915 1752 1061 1791 dividit
1095 1767 1261 1792 cornua:

67 1817 224 1856 laevum
267 1817 523 1867 Pnytagoras,
564 1831 634 1855 rex
679 1818 926 1868 Cypriorum,
968 1831 1056 1856 cum
1101 1818 1261 1857 Cratero
1300 1828 1316 1861 5

69 1882 263 1929 tuebatur,
291 1881 565 1920 Alexandrum
592 1882 633 1919 in
663 1881 803 1920 dextro
834 1882 1128 1932 quinqueremis
1157 1884 1263 1933 regia

68 1946 247 1985 vehebat.
310 1946 392 1984 Nec
426 1946 548 1996 Tyrii,
585 1959 822 1996 quamquam
857 1946 1018 1984 classem
1051 1947 1260 1994 habebant,

70 2011 153 2048 ausi
190 2010 328 2049 navale
362 2011 460 2048 inire
494 2015 714 2049 certamen:
755 2011 825 2048 tris
861 2010 1020 2048 omnino
1055 2015 1145 2049 ante
1178 2012 1262 2061 ipsa

666 2089 687 2110 B
