1461 2255
169 184 211 216 20
540 182 828 216 SELECTIONS
855 182 987 214 FROM

170 279 284 330 proni
304 283 413 317 metu
434 292 550 318 aurea
577 283 714 317 catena
737 279 949 317 devinxere
978 277 1229 317 simulacrum
1258 291 1360 318 arae-

170 357 245 395 que
302 344 494 391 Herculis,
552 344 661 382 cuius
717 344 869 382 numini
927 344 1063 382 urbem
1119 343 1357 391 dicaverant,

171 409 369 447 inseruere
411 408 623 456 vinculum,
664 408 773 457 quasi
816 407 883 445 illo
926 407 999 445 deo
1041 407 1268 457 Apollinem
1305 419 1361 445 re-

116 493 157 515 20
170 477 341 512 tenturo.
401 473 602 523 Syracusis
629 472 670 510 id
696 472 945 510 simulacrum
972 471 1214 510 devexerant,
1238 471 1360 510 Poeni

171 543 210 576 et
234 538 274 575 in
298 537 446 576 maiore
469 537 695 575 locaverant
718 537 847 587 patria
873 536 1088 586 multisque
1114 535 1200 573 aliis
1227 535 1360 586 spoliis

169 602 326 640 urbium
360 616 382 640 a
415 606 538 640 semet
572 606 775 651 captarum
808 613 887 639 non
922 600 1202 651 Carthaginem
1235 600 1360 651 magis

169 680 287 716 quam
308 666 458 717 Tyrum
478 670 722 704 ornaverant.

400 795 464 823 22.
493 790 673 831 Inyenious
695 791 818 821 (Zevices
842 791 884 829 of
900 791 951 822 the
975 790 1131 831 besieqed.

225 861 387 901 Sacrum
422 875 588 912 quoque,
620 862 726 912 quod
760 861 943 911 equidem
977 861 1037 900 dis
1065 861 1226 910 minime
1254 860 1361 899 cordi

172 940 255 965 esse
276 926 521 973 crediderim,
536 926 671 964 multis
692 926 854 964 saeculis
873 925 1140 964 intermissum
1157 925 1361 976 repetendi

172 996 349 1030 auctores
387 990 548 1040 quidam
586 995 709 1037 erant,
744 998 789 1029 ut
826 991 1019 1041 ingenuus
1057 1003 1154 1041 puer
1191 989 1361 1028 Saturno

171 1055 467 1094 immolaretur:
506 1055 612 1106 quod
636 1055 881 1106 sacrilegium
905 1055 1037 1093 verius
1064 1068 1179 1106 quam
1209 1068 1361 1093 sacrum

140 1120 520 1171 50arthaginienscs
558 1133 580 1158 a
613 1120 883 1158 conditoribus
920 1119 1113 1158 traditum
1150 1133 1273 1170 usque
1312 1119 1361 1157 ad

171 1185 372 1223 excidium
397 1185 504 1222 urbis
534 1198 625 1222 suae
654 1185 791 1223 fecisse
820 1184 1016 1222 dicuntur.
1075 1185 1133 1222 Ac
1161 1185 1237 1222 nisi
1265 1184 1363 1222 seni-

171 1263 257 1287 ores
286 1249 543 1296 obstitissent,
578 1262 744 1299 quorum
773 1249 935 1287 consilio
964 1254 1103 1287 cuncta
1132 1249 1360 1299 agebantur,

170 1314 459 1351 humanitatem
484 1313 569 1351 dira
594 1313 822 1363 superstitio
848 1313 1016 1351 vicisset.
1075 1313 1259 1351 Ceterum
1288 1314 1363 1351 effi-

171 1378 298 1416 cacior
327 1378 435 1416 omni
464 1382 547 1415 arte
576 1377 786 1416 necessitas
815 1391 893 1415 non
923 1377 1070 1416 usitata
1101 1377 1218 1415 modo
1256 1390 1362 1427 prae-

121 1457 158 1478 10
171 1442 280 1489 sidia,
318 1441 383 1480 sed
419 1441 611 1492 quaedam
645 1442 765 1480 etiam
797 1455 899 1480 nova
933 1442 1118 1480 admovit.
1181 1441 1362 1491 Namque

171 1506 220 1545 ad
249 1506 476 1556 inplicanda
504 1507 671 1556 navigia,
704 1519 803 1556 quae
833 1520 963 1544 muros
993 1506 1187 1554 subibant,
1219 1506 1362 1544 validis

171 1571 363 1609 asseribus
393 1571 620 1620 laaoyaayonas
653 1571 925 1621 inligaverant,
957 1576 1011 1617 ut,
1043 1584 1131 1609 cum
1164 1575 1361 1609 tormento

170 1649 316 1674 asseres
336 1635 637 1685 promovissent,
661 1636 791 1673 subito
812 1635 956 1673 laxatis
976 1635 1135 1673 funibus
1158 1634 1358 1674 inicerent.

171 1700 274 1738 Unci
313 1713 467 1749 quoque
505 1704 544 1737 et
581 1699 698 1738 falces
736 1714 784 1738 ex
822 1700 947 1738 isdem
990 1700 1182 1738 asseribus
1220 1699 1362 1749 depen—

121 1777 155 1810 15
171 1765 309 1803 dentes
330 1770 398 1802 aut
416 1769 728 1814 propugnatores
749 1769 816 1802 aut
837 1764 921 1814 ipsa
945 1764 1101 1815 navigia
1124 1764 1358 1802 lacerabant.

171 1829 328 1878 Clipeos
373 1842 466 1867 vero
514 1842 646 1867 aereos
693 1829 817 1866 multo
864 1829 954 1879 igne
1000 1828 1215 1876 torrebant,
1263 1842 1360 1878 quos

170 1894 339 1943 repletos
377 1893 530 1931 fervida
567 1893 713 1931 harena
750 1906 947 1943 caenoque
985 1893 1144 1931 decocto
1182 1905 1202 1931 e
1239 1893 1361 1931 muris

171 1959 302 1996 subito
322 1958 597 1996 devolvebant.
646 1958 729 1995 Nec
750 1957 831 1995 ulla
850 1958 970 2007 pestis
990 1958 1113 2007 inagis
1128 1957 1360 1997 timebatur:

171 2023 325 2074 quippe,
359 2023 425 2061 ubi
454 2022 614 2060 loricam
645 2035 862 2073 corpusque
891 2022 1046 2060 fervens
1076 2022 1221 2060 harena
1249 2035 1362 2073 pene-
