1461 2255
167 142 210 172 24
538 141 823 173 SELECTIONS
853 141 983 173 FROM

166 236 283 274 saluti
312 237 420 275 fuere
452 236 616 284 Sidonii,
639 238 707 287 qui
738 237 842 275 intra
873 237 1136 276 Macedonum
1161 236 1355 288 praesidia

165 306 289 342 erant.
346 301 401 338 Hi
426 302 563 340 urbem
589 301 749 351 quidem
775 302 879 340 inter
906 302 1073 340 victores
1096 302 1352 349 intraverant,

166 365 234 404 sed
263 365 507 416 cognationis
528 380 615 404 cum
636 366 765 416 Tyriis
790 367 1182 417 memores—quippe
1211 370 1355 404 utram-

116 448 153 469 10
166 443 240 480 que
270 430 408 468 urbem
438 430 661 481 Agenorem
692 430 913 469 condidisse
944 431 1355 469 credebant—multos

166 495 387 545 Tyriorum,
402 495 501 533 clam
521 500 782 546 protegentes,
801 496 850 534 ad
867 509 936 534 sua
950 496 1170 546 perduxere
1186 496 1352 547 navigia,

165 560 307 610 quibus
339 559 523 597 occultati
555 559 703 598 Sidona
730 560 884 598 devecti
914 565 1016 598 sunt.
1074 570 1135 598 XV
1154 560 1264 598 milia
1283 559 1355 598 hoc

164 624 270 662 furto
286 623 479 662 subducta
494 625 680 662 saevitiae
696 630 799 662 sunt.
858 624 1139 674 Quantumque
1154 624 1356 676 sanguinis

164 688 294 726 fusum
325 688 386 735 sit,
422 688 485 726 vel
520 702 569 726 ex
599 688 672 726 hoc
703 688 902 726 aestimari
935 693 1075 738 potest,
1112 689 1218 739 quod
1250 689 1356 727 intra

115 767 150 801 15
165 753 412 791 munimenta
430 753 538 790 urbis
559 763 603 790 VI
623 753 732 791 milia
760 757 1001 792 armatorum
1028 753 1224 792 trucidata
1249 758 1351 791 sunt.

165 817 293 856 Triste
332 817 474 855 deinde
512 817 778 867 spectaculum
826 818 1040 855 victoribus
1078 818 1136 856 ira
1173 818 1356 868 praebuit

164 882 276 933 regis.
335 891 367 919 ΙΙ
387 881 506 928 milia,
528 881 570 919 in
590 882 732 932 quibus
754 882 974 920 occidendis
1001 882 1196 920 defecerat
1214 882 1352 929 rabies,

164 947 342 985 crucibus
371 946 492 984 adfixi
523 960 592 996 per
624 947 762 996 ingens
800 946 926 984 litoris
960 946 1132 996 spatium
1163 946 1355 997 pepende-

164 1016 266 1050 runt.
325 1010 711 1061 Carthaginiensium
744 1011 883 1061 legatis
916 1011 1092 1061 pepercit
1125 1011 1260 1050 addita
1281 1011 1355 1050 ,de-

111 1092 152 1114 20
165 1075 413 1114 nuntiatione
442 1075 545 1123 belli,
568 1075 673 1125 quod
694 1076 961 1126 praesentium
988 1089 1118 1114 rerum
1142 1077 1353 1115 necessitas

164 1145 393 1178 moraretur.

536 1258 599 1285 2¹7.
633 1254 700 1285 The
709 1254 807 1294 fame
823 1255 865 1293 of
881 1254 978 1294 Tyre.

217 1330 345 1380 Tyrus
366 1330 532 1380 septimo
562 1343 694 1368 mense
715 1344 833 1380 quam
860 1330 1078 1381 oppugnari
1099 1334 1237 1381 coepta
1256 1335 1350 1379 erat,

163 1399 276 1444 capta
296 1399 364 1440 est,
386 1394 480 1431 urbs
500 1398 540 1432 et
560 1399 757 1432 vetustate
777 1395 939 1445 originis
958 1400 998 1432 et
1018 1395 1152 1433 crebra
1171 1395 1352 1434 fortunae

163 1458 352 1496 varietate
372 1458 420 1496 ad
436 1458 665 1496 memoriam
680 1459 929 1509 posteritatis
949 1459 1122 1510 insignis.
1182 1459 1353 1498 Condita

162 1523 211 1560 ab
230 1523 412 1573 Agenore
442 1522 510 1560 diu
537 1536 654 1570 mare,
676 1536 754 1560 non
784 1523 958 1561 vicinum
988 1524 1115 1571 modo,
1138 1524 1206 1562 sed
1233 1524 1353 1574 quod—

131 1600 147 1633 5
162 1600 328 1637 cumque
349 1587 488 1625 classes
508 1587 589 1624 eius
613 1586 807 1634 adierunt,
831 1587 994 1626 dicionis
1015 1602 1105 1626 suae
1125 1588 1228 1627 fecit.
1286 1589 1349 1637 Et,

162 1651 193 1689 si
221 1652 347 1689 famae
380 1651 478 1689 libet
509 1651 677 1699 credere,
699 1651 792 1690 haec
822 1665 918 1702 gens
949 1652 1101 1691 litteras
1128 1653 1252 1703 prima
1284 1658 1352 1692 aut

161 1715 295 1754 docuit
322 1720 391 1753 aut
421 1715 571 1753 didicit.
648 1716 834 1754 Coloniae
866 1721 969 1755 certe
997 1717 1078 1755 eius
1104 1730 1227 1768 paene
1258 1718 1350 1756 orbe

161 1784 245 1818 toto
279 1780 442 1818 diffusae
475 1785 590 1819 sunt:
630 1780 828 1832 Carthago
862 1781 903 1818 in
938 1781 1081 1829 Africa,
1113 1781 1154 1819 in
1186 1782 1351 1821 Boeotia

161 1844 329 1891 Thebae,
352 1844 482 1882 Gades
502 1844 551 1882 ad
572 1843 781 1882 Oceanum.
841 1845 968 1884 Credo
996 1845 1119 1884 libero
1149 1859 1352 1885 conmean-

110 1923 148 1945 10
162 1913 219 1947 tes
239 1908 336 1946 mari
357 1909 588 1959 saepiusque
613 1908 795 1947 adeundo
823 1910 961 1947 ceteris
986 1910 1205 1961 incognitas
1226 1915 1349 1949 terras

161 1973 320 2024 elegisse
355 1973 465 2011 sedes
499 1974 713 2022 iuventuti,
743 1987 820 2024 qua
849 1978 944 2013 tunc
972 1975 1237 2022 abundabant,
1265 1975 1347 2015 sive
