1461 2255
192 168 233 200 48
562 168 646 201 SEL
652 168 847 202 ECTIONS
878 169 1009 202 FROM

192 263 320 303 Clitus
349 269 409 302 est
437 264 610 315 primus:
645 270 686 303 at
716 278 803 303 cum
833 265 1019 304 victoriae
1048 265 1254 304 arbitrium
1283 264 1376 316 agis,

191 329 446 380 praecipuum
465 330 598 367 ferunt
626 330 854 379 praemium,
877 330 944 380 qui
964 330 1235 380 procacissime
1255 329 1378 380 patris

191 393 251 432 tui
284 393 493 432 memoriae
521 393 718 431 inludunt.
778 393 1016 444 Sogdianam
1049 394 1249 445 regionem
1281 391 1377 432 mihi

191 458 384 504 attribuis,
416 458 562 497 totiens
590 459 774 496 rebellem
806 465 846 497 et
875 472 954 497 non
984 459 1100 497 modo
1131 458 1375 506 indomitam,

137 539 177 562 20
190 523 257 562 sed
289 537 387 574 quae
417 536 465 561 ne
490 523 617 574 subigi
647 523 806 573 quidem
835 524 970 573 possit.
1028 523 1171 562 Mittor
1199 522 1248 561 ad
1277 523 1377 562 feras

188 588 332 626 bestias
353 587 584 638 praecipitia
603 588 761 637 ingenia
789 588 957 626 sortitas
1017 587 1106 633 Sed,
1127 600 1226 638 quae
1246 587 1295 626 ad
1315 600 1377 626 me

187 652 399 702 pertinent,
431 656 596 690 transeo.
655 651 830 702 Philippi
859 651 1002 690 milites
1032 652 1194 702 spernis,
1216 652 1374 700 oblitus,

188 716 262 754 nisi
282 716 345 754 hic
365 716 571 754 Atharrias
587 729 706 754 senex
726 716 898 754 iuniores
918 729 1090 767 pugnam
1111 716 1376 755 detrectantes

186 785 417 827 revocasset,
448 780 576 818 adhuc
606 794 678 819 nos
709 780 808 819 circa
840 780 1158 819 Halicarnassum
1189 780 1375 819 haesuros

135 859 171 892 25
186 845 314 884 fuisse.
385 844 589 893 Quomodo
637 845 758 895 igitur
804 844 941 883 Asiam
989 845 1107 883 etiam
1154 858 1243 883 cum
1289 844 1376 884 istis

186 909 404 947 iunioribus
438 909 664 947 subiecisti?
720 910 872 947 Verum
905 913 974 956 est,
1008 914 1052 947 ut
1085 909 1235 959 opinor,
1268 909 1372 960 quod

185 974 421 1013 avunculum
450 979 564 1012 tuum
593 974 634 1012 in
663 974 781 1012 Italia
808 974 954 1012 dixisse
984 979 1147 1022 constat,
1175 974 1303 1025 ipsum
1331 974 1373 1012 in

185 1038 290 1076 viros
310 1038 504 1085 incidisse,
528 1043 567 1076 te
587 1039 627 1076 in
647 1038 836 1076 feminas.'

527 1208 590 1236 5³.
622 1204 689 1235 The
713 1215 803 1235 same
827 1204 1039 1243 (continued).

236 1291 347 1329 Nihil
369 1305 418 1330 ex
438 1292 620 1329 omnibus
640 1292 859 1330 inconsulte
880 1306 921 1330 ac
942 1297 1087 1331 temere
1106 1292 1218 1331 iactis
1241 1306 1371 1344 regem

183 1357 308 1407 magis
328 1362 515 1403 moverat,
531 1370 648 1406 quam
669 1357 938 1395 Parmenionis
958 1371 1045 1395 cum
1061 1357 1208 1396 honore
1223 1358 1371 1397 mentio

183 1421 315 1459 inlata.
365 1420 552 1459 Dolorem
573 1426 705 1459 tamen
726 1434 795 1459 rex
812 1421 964 1472 pressit,
980 1426 1187 1460 contentus
1201 1421 1370 1470 iussisse,

182 1491 227 1524 ut
256 1486 437 1524 convivio
467 1485 683 1524 excederet.
744 1485 827 1524 Nec
856 1486 1065 1536 quicquam
1094 1486 1200 1524 aliud
1230 1486 1372 1525 adiecit

151 1564 299 1601 gquam
327 1550 492 1588 forsitan
523 1563 623 1596 eum,
654 1550 685 1587 si
715 1549 865 1588 diutius
894 1550 1046 1588 locutus
1075 1550 1187 1598 foret,
1210 1550 1372 1601 exprob-

180 1620 358 1653 raturum
393 1615 467 1652 sibi
497 1615 616 1652 fuisse
647 1614 771 1652 vitam
804 1628 826 1652 a
859 1615 1066 1665 semetipso
1099 1614 1255 1654 datam:
1297 1615 1370 1653 hoc

181 1680 284 1718 enim
306 1679 472 1729 superbe
493 1692 606 1729 saepe
621 1679 793 1716 iactasse.
846 1679 976 1730 Atque
992 1679 1103 1717 illum
1119 1684 1369 1718 cunctantem

181 1744 308 1782 adhuc
348 1757 517 1794 surgere,
558 1743 626 1794 qui
670 1743 838 1794 proximi
877 1744 910 1782 ei
950 1744 1176 1792 cubuerant,
1214 1744 1370 1782 iniectis

181 1809 361 1846 manibus
381 1808 580 1858 iurgantes
601 1813 881 1858 monentesque
901 1808 1146 1846 conabantur
1165 1807 1368 1847 abducere.

132 1873 320 1919 molitus,
357 1886 444 1911 cum
478 1872 782 1918 abstraheretur,
818 1872 866 1910 ad
899 1873 1106 1922 pristinam
1140 1872 1369 1911 violentiam

180 1938 239 1976 ira
271 1951 427 1987 quoque
460 1937 624 1983 adiecta,
656 1949 725 1974 suo
759 1942 913 1986 pectore
952 1941 1105 1987 tergum
1143 1936 1248 1974 illius
1285 1949 1367 1975 esse

180 2002 395 2049 defensum,
426 2014 539 2048 nunc,
570 2005 779 2051 postquam
816 2000 918 2039 tanti
958 2001 1085 2039 meriti
1120 2001 1365 2051 praeterierit
