1461 2255
402 176 612 215 QUINTUS
640 176 857 210 CURTIUS.
1186 180 1226 214 47

38 285 112 322 que
143 277 342 322 oporteret
361 273 427 311 sed
449 286 524 320 005,
547 273 613 323 qui
645 274 919 324 magnitudine
950 288 1079 313 rerum
1110 275 1226 313 fidem

37 338 346 376 antecessissent.
424 337 532 376 Haec
571 344 610 376 et
648 338 708 376 his
747 339 889 377 similia
936 339 1029 378 laeti
1068 340 1227 378 audiere

37 402 208 450 iuvenes,
250 402 404 453 ingrata
437 403 658 440 senioribus
696 409 819 451 erant,
856 405 1028 443 maxime
1065 410 1228 455 propter

38 467 277 518 Philippum,
300 468 371 505 sub
393 481 470 517 quo
490 467 639 505 diutius
659 468 867 506 vixerant:
898 483 986 507 cum
1016 469 1155 516 Clitus,
1179 483 1228 507 ne

37 532 119 582 ipse
158 532 317 582 quidem
355 533 448 570 satis
482 532 644 579 sobrius,
677 533 726 570 ad
760 546 835 579 eos,
866 534 933 583 qui
965 534 1066 571 infra
1099 534 1227 584 ipsum
1243 547 1283 580 25

37 597 244 645 cubabant,
267 610 477 635 conversus
506 597 706 647 Euripidis
735 597 891 636 rettulit
920 611 1086 645 carmen,
1109 599 1165 636 ita
1184 604 1230 636 ut

37 675 154 700 sonus
175 662 297 712 magis
327 675 444 712 quam
475 675 600 700 sermo
626 662 806 700 exaudiri
835 668 967 713 posset
987 677 1009 701 a
1029 677 1131 713 rege,
1153 677 1229 713 quo

38 727 342 778 significabatur,
365 727 464 764 male
486 727 705 765 instituisse
729 727 908 775 Graecos,
932 728 1037 778 quod
1059 729 1229 778 tropaeis

38 805 173 843 regum
210 792 420 830 dumtaxat
458 792 618 830 nomina
655 792 926 840 inscriberent,
963 793 1089 831 alieno
1124 793 1229 830 enini

39 857 228 907 sanguine
248 862 401 907 partam
422 856 586 907 gloriam
607 856 799 906 intercipi.
1243 871 1285 902 30

382 1016 444 1043 52.
477 1012 544 1042 The
560 1022 649 1043 same
668 1012 883 1051 (continued).

94 1112 232 1162 Itaque
267 1125 346 1158 rex,
381 1124 467 1149 cum
503 1111 768 1160 suspicaretur
801 1111 1010 1161 malignius
1049 1111 1229 1149 habitum

38 1191 120 1216 esse
150 1190 380 1223 sermonem,
408 1176 630 1226 percontari
659 1176 859 1226 proximos
890 1176 1028 1226 coepit,
1059 1177 1153 1226 quid
1181 1190 1230 1215 ex

39 1242 143 1281 Clito
190 1241 400 1279 audissent.
480 1240 531 1278 Et
568 1240 645 1277 illis
683 1240 732 1278 ad
780 1240 974 1278 silendum
1022 1241 1229 1279 obstinatis

40 1307 167 1346 Clitus
186 1305 377 1356 paulatim
406 1304 552 1343 maiore
573 1318 667 1343 voce
687 1305 862 1355 Philippi
883 1310 969 1343 acta
989 1305 1168 1355 bellaque
1188 1306 1229 1343 in

39 1371 202 1410 Graecia
221 1376 331 1422 gesta
360 1374 649 1416 commemorat,
672 1370 803 1408 omnia
830 1371 1102 1420 praesentibus
1122 1384 1230 1420 prae·
1266 1386 1282 1420 5

38 1438 176 1475 ferens.
235 1435 339 1473 Hinc
368 1435 471 1473 inter
494 1435 666 1473 iuniores
696 1448 884 1485 senesque
914 1440 1001 1473 orta
1029 1435 1229 1473 contentio

39 1507 120 1541 est:
142 1506 181 1540 et
200 1514 280 1547 rex,
298 1500 408 1538 velut
427 1500 625 1550 patienter
645 1499 809 1546 audiret,
828 1499 914 1550 quis
931 1499 1059 1538 Clitus
1081 1500 1230 1538 obtere-

39 1568 107 1605 bat
125 1565 260 1604 laudes
287 1565 380 1610 eius,
397 1564 598 1615 ingentem
619 1564 717 1602 iram
744 1569 984 1615 conceperat.
1044 1564 1229 1603 Ceterum

39 1646 127 1671 curn
147 1631 276 1669 animo
297 1630 499 1668 videretur
527 1631 800 1680 imperaturus,
824 1630 856 1667 si
876 1630 994 1668 finem
1014 1630 1231 1680 procaciter

40 1703 125 1736 orto
164 1695 335 1735 sermoni
370 1695 497 1734 Clitus
535 1695 752 1744 inponeret,
789 1694 889 1732 nihil
923 1708 967 1733 eo
1001 1695 1229 1733 remittente
1248 1710 1285 1732 10

40 1762 163 1813 magis
197 1760 511 1811 exasperabatur.
571 1760 734 1810 Iamque
763 1759 891 1798 Clitus
927 1759 1045 1798 etiam
1077 1760 1231 1798 Parme-

39 1829 197 1866 nionem
224 1825 434 1864 defendere
461 1824 630 1863 audebat
651 1830 691 1863 et
710 1824 886 1874 Philippi
913 1824 961 1862 de
981 1824 1232 1862 Atheniensi-

39 1894 112 1931 bus
132 1891 336 1930 victoriam
356 1890 581 1928 Thebarum
600 1890 846 1940 praeferebat
862 1889 1024 1937 excidio,
1043 1903 1122 1927 non
1138 1890 1230 1927 vino

40 1956 167 2004 modo,
190 1955 257 1994 sed
279 1955 394 1993 etiam
430 1955 550 1992 animi
571 1968 692 2004 prava
725 1954 978 1992 contentione
1008 1960 1227 2004 provectus

42 2021 104 2059 Ad
143 2020 339 2065 ultimum,
378 2019 440 2057 ‘Si
474 2019 746 2067 moriendum,⁷
780 2019 920 2069 inquit,
959 2023 1041 2057 ‘est
1075 2032 1144 2069 pro
1178 2024 1228 2065 te,
1248 2030 1284 2064 15
