1461 2255
453 177 664 216 QUINTUS
693 177 911 210 CURTIUS.
1235 178 1277 210 29

88 272 214 321 modo,
251 273 318 312 sed
353 275 571 312 contumaci
609 287 764 324 quoque
798 274 911 312 vultu
944 274 1102 312 intuens
1136 287 1277 325 regem,

88 337 236 375 nullam
291 337 340 376 ad
396 339 521 376 minas
577 338 660 376 eius
718 338 892 376 reddidit
948 352 1093 377 vocem.
1179 339 1280 376 Tum

87 401 325 450 Alexander,
372 402 605 441 ‘Videtisne
650 403 893 441 obstinatum
931 403 980 440 ad
1018 402 1279 441 tacendum2'

86 466 227 517 inquit,
270 471 386 505 ‘num
423 480 525 518 genu
562 468 724 518 posuit?
761 481 855 505 num
889 481 1025 506 vocem
1063 468 1280 518 supplicem
1297 483 1334 504 10

87 531 214 569 misit?
251 531 418 570 Vincam
438 537 570 570 tamen
591 532 791 570 silentium
812 538 851 570 et
872 532 904 570 si
923 532 1024 570 nihil
1043 532 1161 580 aliud,
1177 538 1279 571 certe

86 597 237 647 gemitu
272 596 554 647 interpellabo)
616 597 680 635 Ira
717 597 861 636 deinde
893 597 1015 635 vertit
1052 597 1093 634 in
1131 597 1280 635 rabiem

86 661 165 699 iam
203 666 289 699 tum
326 662 553 712 peregrinos
591 662 692 700 ritus
729 676 832 700 nova
876 662 1069 700 subeunte
1106 662 1276 700 fortuna.

86 725 163 764 Per
205 726 306 765 talos
350 727 456 764 enim
500 727 685 777 spirantis
729 727 812 765 lora
850 727 1015 765 traiecta
1059 732 1151 764 sunt
1194 727 1280 764 reli-

85 794 298 841 gatumque
345 790 395 828 ad
443 804 599 829 currum
652 796 808 829 traxere
858 792 958 829 circa
1004 791 1143 829 urbem
1189 792 1277 841 equi
1296 802 1332 835 15

85 855 278 906 gloriante
304 868 405 907 rege,
428 855 622 903 Achillen,
645 869 667 893 a
693 869 769 905 quo
795 869 919 906 genus
944 856 1027 905 ipse
1054 855 1276 903 deduceret,

86 919 286 958 imitatum
305 933 346 958 se
367 933 449 958 esse
469 933 596 970 poena
614 920 655 957 in
676 920 830 958 hostem
851 920 1049 970 capienda.

336 1057 401 1084 33.
434 1052 501 1083 The
524 1052 641 1084 march
665 1052 808 1092 throussh
833 1053 884 1083 the
907 1053 1024 1084 desert.

85 1129 309 1169 [Alexander,
335 1129 426 1161 after
448 1129 572 1171 taking
595 1128 696 1167 Gaza,
724 1128 886 1159 marched
910 1129 983 1160 into
1009 1129 1136 1170 Egypt,
1164 1129 1277 1160 where

128 1184 171 1215 he
183 1194 252 1215 was
265 1183 450 1214 welcomed
463 1194 500 1214 as
516 1194 536 1214 a
552 1183 731 1214 deliverer.
780 1182 953 1223 Memphis
966 1193 1036 1213 was
1050 1183 1278 1213 surrendered

127 1241 165 1270 to
181 1238 252 1269 him
268 1237 314 1278 by
329 1238 389 1269 the
405 1238 546 1269 Persian
562 1248 742 1279 governor,
762 1237 830 1268 and
847 1237 889 1268 he
906 1237 992 1268 then
1011 1237 1226 1268 determined
1242 1240 1278 1269 to

128 1293 211 1324 visit
226 1292 287 1324 the
302 1292 414 1324 oracle
430 1292 464 1323 of
479 1292 620 1333 Jupiter
636 1292 808 1323 Hammon
825 1292 861 1322 in
877 1291 937 1323 the
954 1291 1090 1332 Lybian
1106 1291 1250 1331 desert.]

138 1371 197 1408 Ac
222 1369 349 1420 primo
369 1369 528 1420 quidem
555 1374 594 1407 et
620 1375 809 1419 sequente
837 1369 900 1407 die
927 1368 1143 1407 tolerabilis
1168 1369 1278 1406 labor

84 1434 189 1472 visus
236 1433 412 1472 nondum
460 1439 541 1472 tani
585 1434 707 1471 vastis
754 1433 950 1483 nudisque
997 1432 1278 1470 solitudinibus

85 1499 213 1547 aditis,
234 1499 312 1537 iam
338 1503 471 1537 tamen
498 1498 623 1536 sterili
649 1503 688 1536 et
714 1498 929 1536 emoriente
955 1502 1070 1536 terra.
1128 1497 1206 1536 Sed
1232 1502 1278 1535 ut

84 1578 268 1615 aperuere
306 1577 345 1602 se
383 1564 509 1614 campi
548 1563 628 1601 alto
667 1563 800 1601 obruti
837 1563 986 1609 sabulo,
1025 1562 1131 1600 haud
1169 1576 1277 1600 secus

83 1643 201 1680 quam
246 1629 487 1680 profundum
540 1642 685 1678 aequor
738 1628 904 1678 ingressi
956 1633 1103 1666 terram
1156 1627 1276 1665 oculis
1314 1638 1330 1672 5

83 1694 345 1745 requirebant.
421 1693 542 1731 Nulla
586 1693 712 1740 arbor,
753 1693 909 1731 nullum
960 1692 1056 1730 culti
1102 1692 1175 1730 soli
1219 1705 1277 1730 oc-

84 1760 263 1798 currebat
301 1759 522 1809 vestigium.
594 1758 712 1808 Aqua
756 1758 875 1795 etiam
913 1757 1118 1804 defecerat,
1159 1770 1277 1806 quam

82 1824 237 1862 utribus
267 1823 403 1862 cameli
431 1828 632 1869 vexerant,
662 1828 701 1860 et
734 1822 774 1859 in
805 1821 913 1859 arido
943 1821 1024 1859 solo
1053 1834 1096 1858 ac
1124 1821 1276 1859 fervido

84 1889 220 1927 sabulo
256 1888 366 1926 nulla
404 1892 496 1926 erat.
566 1887 631 1924 Ad
669 1887 742 1925 hoc
781 1886 837 1924 sol
880 1886 1010 1923 omnia
1048 1886 1278 1924 incenderat

84 1954 261 2003 siccaque
306 1957 345 1991 et
390 1952 531 1990 adusta
575 1956 686 1989 erant
731 1964 807 1998 ora,
849 1964 937 1988 cum
978 1951 1277 2000 repente—sive
1295 1965 1333 1986 10

84 2018 183 2058 illud
212 2018 373 2056 deorum
403 2030 544 2055 munus
573 2016 654 2054 sive
685 2029 794 2054 casus
823 2015 1146 2053 fuit—obductae
1173 2015 1277 2053 caelo
