1461 2255
179 153 220 183 ‘26
550 152 835 184 SELECTIONS
865 153 994 184 FROM

180 249 331 287 sidente
370 249 506 287 sabulo
539 249 757 299 agilitatem
790 254 965 288 rotarum
1002 253 1154 288 morata
1189 250 1367 289 tabulata

178 314 347 351 turrium
367 313 645 363 perfringebat,
664 313 857 363 multique
877 314 1186 352 vulnerabantur
1205 315 1363 365 inpune,

178 390 265 415 cum
286 377 389 415 idem
417 377 649 428 recipiendis
678 378 743 427 qui
773 377 1029 416 admovendis
1055 378 1231 417 turribus
1257 377 1368 417 labor

178 455 242 480 eos
268 442 461 492 fatigaret.
520 442 622 492 Ergo
654 442 827 492 receptui
853 442 965 493 signo
996 442 1089 481 dato
1119 448 1276 494 postero
1301 443 1366 482 die

125 517 163 550 25
178 519 308 545 muros
328 520 470 544 corona
490 506 722 545 circumdari
743 506 867 545 iussit.

477 609 539 635 29.
573 605 596 635 Λ
620 615 722 635 raven
739 605 854 645 (lrlccys
871 604 923 635 the
939 605 1060 636 cellach.

230 670 405 720 Ortoque
453 669 543 716 sole,
593 670 820 719 priusquam
867 669 1095 708 admoveret
1136 671 1363 720 exercitum,

176 747 290 784 opem
321 734 437 772 deum
469 747 681 784 exposcens
711 747 863 772 sacrum
895 734 1022 784 patrio
1048 748 1156 773 more
1184 735 1361 774 faciebat.

178 799 293 837 Forte
326 797 618 849 praetervolans
649 811 787 836 corvus
817 798 982 849 glebam,
1015 812 1133 848 quam
1166 799 1364 850 unguibus

176 863 335 910 ferebat,
354 863 485 901 subito
501 863 633 901 amisit
649 879 655 901 :
677 876 776 913 quae
794 876 881 900 eum
898 863 998 913 regis
1015 863 1133 914 capiti
1150 863 1362 910 incidisset,

123 936 139 968 5
175 928 345 966 resoluta
375 927 552 975 defluxit,
587 927 670 977 ipsa
700 933 833 965 autem
863 927 946 965 avis
978 927 1018 964 in
1045 928 1224 978 proxima
1254 933 1363 967 turre

175 992 360 1030 consedit.
421 992 540 1030 Inlita
571 996 654 1030 erat
674 992 793 1030 turris
824 991 1019 1029 bitumine
1040 1005 1082 1030 ae
1103 991 1300 1043 sulphure,
1322 993 1363 1031 in

174 1069 250 1106 qua
268 1056 338 1094 alis
360 1056 613 1094 haerentibus
634 1056 779 1094 frustra
799 1070 839 1094 se
859 1056 1040 1094 adlevare
1071 1061 1233 1095 conatus
1254 1071 1276 1095 a
1294 1057 1363 1095 eir-

174 1121 459 1159 eumstantibus
493 1121 656 1171 capitur.
715 1121 847 1172 Digna
867 1134 927 1159 res
949 1120 1042 1169 visa,
1065 1120 1113 1159 de
1144 1134 1222 1172 qua
1251 1127 1362 1160 vates

173 1185 400 1233 consuleret,
416 1190 461 1223 ut
481 1190 564 1223 erat
584 1199 661 1223 non
683 1185 853 1223 intactae
870 1199 892 1223 a
907 1185 1186 1235 superstitione
1205 1186 1358 1224 mentis.

124 1264 160 1284 10
174 1249 275 1301 Ergo
305 1250 549 1297 Aristander,
570 1250 632 1288 cui
664 1250 835 1288 maxima
867 1249 962 1288 fides
994 1249 1222 1297 habebatur,
1253 1250 1385 1289 urbis·v

172 1313 331 1364 quidem
352 1314 549 1352 excidium
578 1314 741 1365 augurio
762 1314 830 1352 illo
849 1313 1046 1364 portendi,
1068 1319 1239 1353 ceterum
1266 1315 1362 1365 peri-

171 1377 300 1416 culum
321 1392 414 1424 esse,
436 1392 484 1416 ne
505 1392 574 1417 rex
595 1378 738 1416 vulnus
767 1378 968 1429 acciperet.
1028 1378 1166 1429 Itaque
1192 1379 1357 1427 monuit,

171 1456 219 1481 ne
258 1442 352 1493 quid
390 1456 434 1481 eo
469 1443 531 1480 die
570 1443 771 1493 inciperet.
830 1443 913 1489 Ille,
956 1456 1194 1493 quamquam
1241 1457 1359 1482 unam

171 1507 306 1545 urbem
337 1507 422 1554 sibi,
459 1520 535 1557 quo
565 1507 694 1545 minus
729 1520 885 1545 securus
920 1508 1150 1559 Aegyptum
1179 1508 1356 1555 intraret,

120 1583 154 1616 15
170 1572 323 1610 obstare
354 1584 466 1621 aegre
498 1571 658 1618 ferebat,
686 1575 817 1609 tamen
849 1572 980 1621 paruit
1010 1572 1092 1610 vati
1125 1572 1358 1623 signumque

169 1636 342 1686 receptui
362 1635 483 1673 dedit.

531 1738 597 1766 30.
629 1734 697 1765 The
720 1733 797 1774 lcinss
820 1735 991 1766 woumlecl.

219 1799 274 1836 At
294 1798 521 1837 Alexander
546 1798 723 1836 nondum
749 1803 957 1848 percurato
977 1799 1138 1838 vulnere
1160 1813 1352 1850 aggerem,

165 1877 242 1914 quo
275 1863 474 1901 moenium
503 1863 754 1901 altitudinem
784 1869 979 1913 aequaret,
1011 1864 1209 1902 exstruxit
1238 1864 1355 1915 pluri-

163 1928 313 1978 busque
344 1927 532 1966 eunieulis
563 1940 694 1965 muros
723 1927 859 1965 subrui
887 1927 1010 1965 iussit.
1075 1928 1275 1978 Oppidani
1304 1928 1354 1967 ad

162 1992 373 2042 pristinum
426 1991 625 2042 fastigium
678 1991 876 2029 moenium
928 2005 1071 2030 novum
1122 1997 1352 2032 exstruxere
